=LDR  02848 am a2200649   4500
=001  001075745
=003  Uk
=005  20190321124021.0
=008  790922s1765\\\\enk\\\\\\\\\\o000\0\eng\c
=019  x\$a0951230050
=035  \\$a(Uk-ES)006336861
=040  \\$aUk-ES$cUk-ES$dCU-RivES$dCStRLIN$dUk-ES$edcrmb
=110  1\$aGreat Britain.$bParliament.
=240  10$aBills. 1765-03-04
=245  13$aAn act for confirming and establishing an exchange agreed to be made between Thomas Holles Duke of Newcastle, and Margaret Cavendishe Dutchess Dowager of Portland, of several parts of their settled estates in the county of Nottingham, and for settling the lands given in exchange to each party, to such uses as the lands for which the same are stood settled.
=264  \1$a[London] :$b[s.n.],$c[1765]
=300  \\$a11, [1] p. ;$c33 cm (2⁰)
=336  \\$atext$2rdacontent
=337  \\$aunmediated$2rdamedia
=338  \\$avolume$2rdacarrier
=340  \\$mfolio$2rdabf
=500  \\$aCaption title.
=500  \\$aWith a docket title.
=500  \\$aEnacted: Private Acts, 5 Geo.III.c.47.
=500  \\$aWoodcut ornaments; woodcut factotum.
=500  \\$aSignatures: A-C².
=510  4\$aESTC,$cT65727
=530  \\$aAlso available on microfilm and in the U.K. Parliamentary Papers database which can be accessed by on-site users.
=650  \0$aReal property, Exchange of$zEngland$zNottinghamshire$vEarly works to 1800.
=655  \7$aBills.$2rbgenr
=700  0\$aGeorge$bIII,$cKing of Great Britain,$d1738-1820,$eformer owner.$5Uk
=700  0\$aGeorge$bIV,$cKing of Great Britain,$d1762-1830,$edonor.$5Uk
=752  \\$aGreat Britain$bEngland$dLondon.
=852  41$aBritish Library$bHMNTS$jB.S.68/22.(4)
=852  41$aBritish Library$bHMNTS$jB.S.Ref.2/27.(35)
=852  41$aBritish Library$bHMNTS$j213.i.4.(65)
=856  41$uhttps://parlipapers.proquest.com/parlipapers/docview/t70.d75.pb-001991?$yProquest U.K. Parliamentary Papers
=985  \\$aCorrected by BSS-generated file for WR# 11/211
=985  \\$aCorrected by MS generated file for WR# 1805-0738
=CAT  \\$aCONV$b00$c20040502$lBLL01$h0913
=CAT  \\$c20041104$lBLL01$h1739
=CAT  \\$aBATCH$b00$c20091128$lBLL01$h1832
=CAT  \\$aWR11_211$c20120528$lBLL01$h1603
=CAT  \\$aBLSS-CORR$b00$c20120528$lBLL01$h1613
=CAT  \\$aW1804-1393$c20180530$lBLL01$h1657
=CAT  \\$a1805-0738$c20180928$lBLL01$h1813
=CAT  \\$a1805-0738$b00$c20180928$lBLL01$h1853
=CAT  \\$a2225$b40$c20190130$lBLL01$h1334
=CAT  \\$a13463$b40$c20190228$lBLL01$h1506
=CAT  \\$a3251$b40$c20190321$lBLL01$h1157
=CAT  \\$a3251$b40$c20190321$lBLL01$h1203
=CAT  \\$a3251$b40$c20190321$lBLL01$h1240
=FIN  \\$aY
=FMT  \\$a  BK
=LAS  \\$a3251$b40$c20190321$lBLL01$h1240
=LEO  \\$aMP1.0001134167
=SRC  \\$aBLS01$bbibmp1.200404.2.ab

