=LDR  02383 am a2200565   4500
=001  001075755
=003  Uk
=005  20190509151656.0
=008  790922s1766\\\\enk\\\\\\\\\\o000\0\eng\c
=019  x\$a0951230158
=035  \\$a(Uk-ES)006338570
=040  \\$aUk-ES$cUk-ES$dCU-RivES$dCStRLIN$dCU-RivES$dUk-ES$edcrmb
=110  1\$aGreat Britain.$bParliament.
=240  10$aBills. 1766-03-13
=245  13$aAn act for vesting the mansion house of the Earl and Countess of Powis, in Albermarle Street, now settled on them and their issue, in trustees, to sell the same; and to lay out the money arising by such sale in the purchase of lands and hereditaments, to be settled to the like uses.
=264  \1$a[London] :$b[s.n.],$c[1766]
=300  \\$a11, [1] p. ;$c33 cm (2⁰)
=336  \\$atext$2rdacontent
=337  \\$aunmediated$2rdamedia
=338  \\$avolume$2rdacarrier
=340  \\$mfolio$2rdabf
=500  \\$aCaption title.
=500  \\$aWith a docket title.
=500  \\$aEnacted: Private Acts, 6 Geo.III.c.58.
=500  \\$aWoodcut ornaments; woodcut factotum.
=500  \\$aSignatures: A-C².
=510  4\$aESTC,$cT67479
=530  \\$aAlso available on microfilm and in the U.K. Parliamentary Papers database which can be accessed by on-site users.
=655  \7$aBills.$2rbgenr
=700  0\$aGeorge$bIII,$cKing of Great Britain,$d1738-1820,$eformer owner.$5Uk
=700  0\$aGeorge$bIV,$cKing of Great Britain,$d1762-1830,$edonor.$5Uk
=752  \\$aGreat Britain$bEngland$dLondon.
=852  41$aBritish Library$bHMNTS$j212.k.5.(42)
=852  41$aBritish Library$bHMNTS$jB.S.Ref.2/30.(6)
=852  41$aBritish Library$bHMNTS$j213.i.5.(77)
=856  41$uhttps://parlipapers.proquest.com/parlipapers/docview/t70.d75.pb-002065?$yProquest U.K. Parliamentary Papers
=985  \\$aCorrected by MS generated file for WR# 1805-0738
=CAT  \\$aCONV$b00$c20040502$lBLL01$h0913
=CAT  \\$c20041104$lBLL01$h1739
=CAT  \\$aBLC-CORR$b00$c20071129$lBLL01$h1540
=CAT  \\$aBATCH$b00$c20091128$lBLL01$h1832
=CAT  \\$a1805-0738$c20180928$lBLL01$h1813
=CAT  \\$a1805-0738$b00$c20180928$lBLL01$h1853
=CAT  \\$a2225$b40$c20190509$lBLL01$h1503
=CAT  \\$a3251$b40$c20190509$lBLL01$h1516
=FIN  \\$aY
=FMT  \\$a  BK
=LAS  \\$a3251$b40$c20190509$lBLL01$h1516
=LEO  \\$aMP1.0001134177
=SRC  \\$aBLS01$bbibmp1.200404.2.ab

