=LDR  02578 am a2200613   4500
=001  001075768
=003  Uk
=005  20191127133934.0
=008  790922s1768\\\\enk\\\\\\\\\\o000\0\eng\c
=019  x\$a0951240048
=035  \\$a(Uk-ES)006338550
=040  \\$aUk-ES$cUk-ES$dCStRLIN$dUk-ES$edcrmb
=110  1\$aGreat Britain.$bParliament.
=240  10$aBills. 1767-12-17
=245  13$aAn act for dividing and inclosing, the open and common fields, common meadows, and commonable lands, on the south and west parts of the river Leam, in the manor and parish of Lemington Priors, in the county of Warwick.
=264  \1$a[London] :$b[s.n.],$c[1768]
=300  \\$a23, [1] p. ;$c33 cm (2⁰)
=336  \\$atext$2rdacontent
=337  \\$aunmediated$2rdamedia
=338  \\$avolume$2rdacarrier
=340  \\$mfolio$2rdabf
=500  \\$aWith a docket title.
=500  \\$aEnacted: Private Acts, 8 Geo.III.c.14.
=500  \\$aCaption title.
=500  \\$aWoodcut ornaments; woodcut factotum.
=500  \\$aSignatures: B-G².
=510  4\$aESTC,$cT67458
=530  \\$aAlso available on microfilm and in the U.K. Parliamentary Papers database which can be accessed by on-site users.
=650  \0$aCommons$zEngland$zWarwickshire$vEarly works to 1800.
=655  \7$aBills.$2rbgenr
=700  0\$aGeorge$bIII,$cKing of Great Britain,$d1738-1820,$eformer owner.$5Uk
=700  0\$aGeorge$bIV,$cKing of Great Britain,$d1762-1830,$edonor.$5Uk
=752  \\$aGreat Britain$bEngland$dLondon.
=852  41$aBritish Library$bHMNTS$j212.k.8.(53)
=852  41$aBritish Library$bHMNTS$j214.i.2.(10)
=852  41$aBritish Library$bHMNTS$jB.S.Ref.2/33.(6)
=856  41$uhttps://parlipapers.proquest.com/parlipapers/docview/t70.d75.pb-002210?$yProquest U.K. Parliamentary Papers
=883  0\$aLanguage codes assigned by Bayesian analysis of words present in record$d20181024$qUk$c0.997
=985  \\$aCorrected by MS generated file for WR# 1805-0738
=CAT  \\$aCONV$b00$c20040502$lBLL01$h0913
=CAT  \\$c20041104$lBLL01$h1739
=CAT  \\$aBLC-CORR$b00$c20071129$lBLL01$h1540
=CAT  \\$aBATCH$b00$c20091128$lBLL01$h1832
=CAT  \\$a1805-0738$c20180928$lBLL01$h1813
=CAT  \\$a1805-0738$b00$c20180928$lBLL01$h1853
=CAT  \\$aW1903-1550$b00$c20190524$lBLL01$h1758
=CAT  \\$a2225$b40$c20191127$lBLL01$h1102
=CAT  \\$a3251$b40$c20191127$lBLL01$h1338
=CAT  \\$a3251$b40$c20191127$lBLL01$h1339
=FIN  \\$aY
=FMT  \\$a  BK
=LAS  \\$a3251$b40$c20191127$lBLL01$h1339
=LEO  \\$aMP1.0001134190
=SRC  \\$aBLS01$bbibmp1.200404.2.ab

