=LDR  02742 am a2200613   4500
=001  001075774
=003  Uk
=005  20191127143643.0
=008  790922s1768\\\\enk\\\\\\\\\\o000\0\eng\c
=019  x\$a0951240102
=035  \\$a(Uk-ES)006338541
=040  \\$aUk-ES$cUk-ES$dCStRLIN$dUk-ES$edcrmb
=110  1\$aGreat Britain.$bParliament.
=240  10$aBills. 1768-01-22
=245  13$aAn act for dividing and inclosing the open common fields, marshes, waste grounds, commons, cars, pasture, and moor, within the manor of Hook, in the parish of Snaith, in the county of York, and for maintaining the banks within the said manor and township.
=264  \1$a[London] :$b[s.n.],$c[1768]
=300  \\$a16, [2] p. ;$c33 cm (2⁰)
=336  \\$atext$2rdacontent
=337  \\$aunmediated$2rdamedia
=338  \\$avolume$2rdacarrier
=340  \\$mfolio$2rdabf
=500  \\$aEnacted: Private Acts, 8 Geo.III.c.20.
=500  \\$aCaption title.
=500  \\$aDocket title dated 1768.
=500  \\$aWoodcut ornaments; woodcut factotum.
=500  \\$aSignatures: A-C² D²(-D2) E².
=510  4\$aESTC,$cT67449
=530  \\$aAlso available on microfilm and in the U.K. Parliamentary Papers database which can be accessed by on-site users.
=650  \0$aCommons$zEngland$zYorkshire$vEarly works to 1800.
=650  \0$aInclosures$zEngland$zYorkshire$vEarly works to 1800.
=655  \7$aBills.$2rbgenr
=700  0\$aGeorge$bIII,$cKing of Great Britain,$d1738-1820,$eformer owner.$5Uk
=700  0\$aGeorge$bIV,$cKing of Great Britain,$d1762-1830,$edonor.$5Uk
=752  \\$aGreat Britain$bEngland$dLondon.
=852  41$aBritish Library$bHMNTS$j212.k.8.(55)
=852  41$aBritish Library$bHMNTS$jB.S.Ref.2/33.(12)$qCopy at B.S.Ref.2/33.(12). Imperfect: wanting the final leaf containing the docket title.
=852  41$aBritish Library$bHMNTS$j214.i.2.(27)
=856  41$uhttps://parlipapers.proquest.com/parlipapers/docview/t70.d75.pb-002216?$yProquest U.K. Parliamentary Papers
=883  0\$aLanguage codes assigned by Bayesian analysis of words present in record$d20181024$qUk$c0.997
=985  \\$aCorrected by MS generated file for WR# 1805-0738
=CAT  \\$aCONV$b00$c20040502$lBLL01$h0913
=CAT  \\$c20041104$lBLL01$h1739
=CAT  \\$aBLC-CORR$b00$c20071129$lBLL01$h1529
=CAT  \\$aBATCH$b00$c20091128$lBLL01$h1832
=CAT  \\$a1805-0738$c20180928$lBLL01$h1813
=CAT  \\$a1805-0738$b00$c20180928$lBLL01$h1853
=CAT  \\$aW1903-1550$b00$c20190524$lBLL01$h1758
=CAT  \\$a2225$b40$c20191127$lBLL01$h1252
=CAT  \\$a3251$b40$c20191127$lBLL01$h1436
=FIN  \\$aY
=FMT  \\$a  BK
=LAS  \\$a3251$b40$c20191127$lBLL01$h1436
=LEO  \\$aMP1.0001134196
=SRC  \\$aBLS01$bbibmp1.200404.2.ab

