=LDR  02533cam a2200613   4500
=001  001075779
=003  Uk
=005  20220126120038.0
=008  790922s1768\\\\enk\\\\\\\\\\o000\0\eng\c
=019  x\$a0951240153
=035  \\$a(Uk-ES)006338532
=040  \\$aUk-ES$cUk-ES$dCStRLIN$dUk-ES$edcrmb
=110  1\$aGreat Britain.$bParliament.
=240  10$aBills. 1768-01-28
=245  13$aAn act for dividing and inclosing the open and common fields, common meadows, common pastures, and other commonable lands and grounds in the parish of Woughton on the Green, in the county of Bucks.
=264  \1$a[London] :$b[s.n.],$c[1768]
=300  \\$a23, [1] p. ;$c33 cm (2⁰)
=336  \\$atext$2rdacontent
=337  \\$aunmediated$2rdamedia
=338  \\$avolume$2rdacarrier
=340  \\$mfolio$2rdabf
=500  \\$aEnacted: Private Acts, 8 Geo.III.c.25.
=500  \\$aDocket title dated 1768.
=500  \\$aCaption title.
=500  \\$aWoodcut head-piece; woodcut factotum.
=500  \\$aSignatures: A-F².
=510  4\$aESTC,$cT67440
=530  \\$aAlso available on microfilm and in the U.K. Parliamentary Papers database which can be accessed by on-site users.
=650  \0$aCommons$zEngland$zBuckinghamshire$vEarly works to 1800.
=650  \0$aInclosures$zEngland$zBuckinghamshire$vEarly works to 1800.
=655  \7$aBills.$2rbgenr
=700  0\$aGeorge$bIII,$cKing of Great Britain,$d1738-1820,$eformer owner.$5Uk
=700  0\$aGeorge$bIV,$cKing of Great Britain,$d1762-1830,$edonor.$5Uk
=752  \\$aGreat Britain$bEngland$dLondon.
=852  41$aBritish Library$bHMNTS$j212.k.8.(30)
=852  41$aBritish Library$bHMNTS$jB.S.Ref.2/33.(17)
=852  41$aBritish Library$bHMNTS$j214.i.2.(32)
=856  41$uhttps://parlipapers.proquest.com/parlipapers/docview/t70.d75.pb-002221$yProquest U.K. Parliamentary Papers
=985  \\$aCorrected by MS generated file for WR# 1805-0738
=CAT  \\$aCONV$b00$c20040502$lBLL01$h0913
=CAT  \\$c20041104$lBLL01$h1739
=CAT  \\$aBLC-CORR$b00$c20071129$lBLL01$h1529
=CAT  \\$aBATCH$b00$c20091128$lBLL01$h1832
=CAT  \\$a1805-0738$c20180928$lBLL01$h1813
=CAT  \\$a1805-0738$b00$c20180928$lBLL01$h1853
=CAT  \\$aW1903-1550$b00$c20190524$lBLL01$h1758
=CAT  \\$a2225$b40$c20191127$lBLL01$h1303
=CAT  \\$a3251$b40$c20191127$lBLL01$h1441
=CAT  \\$a13463$b40$c20220126$lBLL01$h1200
=FIN  \\$aY
=FMT  \\$a  BK
=LAS  \\$a13463$b40$c20220126$lBLL01$h1200
=LEO  \\$aMP1.0001134201
=SRC  \\$aBLS01$bbibmp1.200404.2.ab

