=LDR  02529 am a2200577   4500
=001  001075831
=003  Uk
=005  20180627110713.0
=008  810915s1777\\\\enk\\\\\\\\\\o000\0\eng\c
=019  x\$a0951260154
=035  \\$a(Uk-ES)006400131
=040  \\$aUk-ES$cUk-ES$dCU-RivES$dCStRLIN$dCU-RivES$edcrmb
=110  1\$aGreat Britain.$bParliament.
=240  10$aBills. 1777-02-25
=245  13$aAn act to enable the feoffees and trustees of an estate in the county of Middlesex, given by Lawrence Sheriff, for the founding and maintaining a school and alms-houses at Rugby, in the county of Warwick, to sell part of the said estate, or to grant leases therof, or of any part thereof, and to effectuate the other purposes therin mentioned.
=264  \1$a[London] :$b[s.n.],$c[1777]
=300  \\$a31, [1] pages ;$c33 cm (2º)
=336  \\$atext$2rdacontent
=337  \\$aunmediated$2rdamedia
=338  \\$avolume$2rdacarrier
=340  \\$m2º
=500  \\$aCaption title.
=500  \\$aEnacted: Private Acts, 17 Geo.III.c.57.
=500  \\$aWith a docket title dated 1777.
=500  \\$aWoodcut ornaments; woodcut factotum.
=500  \\$aSignatures: A-H².
=510  4\$aESTC,$cT132514
=530  \\$aAlso available on microfilm and in the U.K. Parliamentary Papers database which can be accessed by on-site users.
=700  0\$aGeorge$bIII,$cKing of Great Britain,$d1738-1820,$eformer owner.$5Uk
=700  0\$aGeorge$bIV,$cKing of Great Britain,$d1762-1830,$edonor.$5Uk
=752  \\$aGreat Britain$bEngland$dLondon.
=852  41$aBritish Library$bHMNTS$jB.S.24.e/41.
=852  41$aBritish Library$bHMNTS$jB.S.Ref.2/50.(45)
=852  41$aBritish Library$bHMNTS$j216.i.3.(57)
=856  41$uhttps://parlipapers.proquest.com/parlipapers/docview/t70.d75.pb-003195?$yProquest U.K. Parliamentary Papers
=985  \\$aCorrected by BSS-generated file for WR# 11/211
=985  \\$aCorrected by MS generated file for WR# 1805-0738
=CAT  \\$aCONV$b00$c20040502$lBLL01$h0913
=CAT  \\$c20041104$lBLL01$h1739
=CAT  \\$aBATCH$b00$c20091128$lBLL01$h1832
=CAT  \\$aWR11_211$c20120530$lBLL01$h1816
=CAT  \\$aBLSS-CORR$b00$c20120530$lBLL01$h1824
=CAT  \\$a2225$b40$c20180627$lBLL01$h1056
=CAT  \\$a3251$b40$c20180627$lBLL01$h1107
=CAT  \\$a1805-0738$c20180928$lBLL01$h1813
=CAT  \\$a1805-0738$b00$c20180928$lBLL01$h1853
=FIN  \\$aY
=FMT  \\$a  BK
=LAS  \\$a1805-0738$b00$c20180928$lBLL01$h1853
=LEO  \\$aMP1.0001134253
=SRC  \\$aBLS01$bbibmp1.200404.2.ab

