=LDR  02686 am a2200625   4500
=001  001086607
=003  Uk
=005  20190524175824.0
=008  790326s1765\\\\enk\\\\\\\\\\o000\0\eng\c
=019  x\$a0961150157
=035  \\$a(Uk-ES)006222360
=040  \\$aUk-ES$cUk-ES$dCU-RivES$dCStRLIN$dCU-RivES$dCU-RivES$dUk-ES$edcrmb
=110  1\$aGreat Britain.$bParliament.
=240  10$aBills. 1765-02-01
=245  12$aA bill with the amendments to enable ecclesiastical persons, and bodies politick, corporate, and collegiate, to exchange their lands, under certain restrictions therein to be limited.
=264  \1$a[London] :$b[s.n.],$c[1765]
=300  \\$a5, [1] p. ;$c33 cm (2⁰)
=336  \\$atext$2rdacontent
=337  \\$aunmediated$2rdamedia
=338  \\$avolume$2rdacarrier
=340  \\$mfolio$2rdabf
=500  \\$aThe words "with the amendments" in the caption title are enclosed in square brackets.
=500  \\$aWith a docket title dated in square brackets: 1765.
=500  \\$aOrdered to be printed as amended 26 February 1765.
=500  \\$aNot enacted.
=500  \\$aWoodcut ornaments; woodcut factotum.
=500  \\$aSignatures: A² [chi]1.
=510  4\$aLambert,$c3034
=510  4\$aESTC,$cT21792
=530  \\$aAlso available on microfilm and in the U.K. Parliamentary Papers database which can be accessed by on-site users.
=650  \0$aReal property, Exchange of$zGreat Britain$vEarly works to 1800.
=655  \7$aBills.$2rbgenr
=752  \\$aGreat Britain$bEngland$dLondon.
=852  41$aBritish Library$bHMNTS$jB.S.68/22.(3)
=852  41$aBritish Library$bHMNTS$jB.S.Ref.2/28.(45)
=856  41$uhttps://parlipapers.proquest.com/parlipapers/docview/t70.d75.pb-001952?$yProquest U.K. Parliamentary Papers
=883  0\$aLanguage codes assigned by Bayesian analysis of words present in record$d20181024$qUk$c0.997
=985  \\$aCorrected by BSS-generated file for WR# 11/211
=985  \\$aCorrected by MS generated file for WR# 1805-0738
=CAT  \\$aCONV$b00$c20040502$lBLL01$h0913
=CAT  \\$aBATCH-UPD$b00$c20080508$lBLL01$h2218
=CAT  \\$a12179$b40$c20090331$lBLL01$h0947
=CAT  \\$aBATCH$b00$c20091128$lBLL01$h1836
=CAT  \\$aWR11_211$c20120530$lBLL01$h1817
=CAT  \\$aBLSS-CORR$b00$c20120530$lBLL01$h1824
=CAT  \\$a1805-0738$c20180928$lBLL01$h1815
=CAT  \\$a1805-0738$b00$c20180928$lBLL01$h1855
=CAT  \\$a2225$b40$c20190130$lBLL01$h1329
=CAT  \\$a13463$b40$c20190228$lBLL01$h1024
=CAT  \\$aW1903-1550$b00$c20190524$lBLL01$h1758
=FIN  \\$aY
=FMT  \\$a  BK
=LAS  \\$aW1903-1550$b00$c20190524$lBLL01$h1758
=LEO  \\$aMP1.0001143918
=SRC  \\$aBLS01$bbibmp1.200404.2.ab

