=LDR  01985 am a2200469   4500
=001  018559436
=003  Uk
=005  20171213102243.0
=008  791208s1776\\\\enk\\\\\\\\\\o000\0\eng\c
=035  \\$a(Uk-ES)006345066
=040  \\$aUk-ES$cUk-ES$dCStRLIN$dUk-ES
=110  1\$aGreat Britain.$bParliament.
=240  10$aBills. 1775-12-04
=245  13$aAn act for dividing and inclosing certain open common fields, ings, common pastures, and other commonable lands within the townships of Asterby and Goulceby, in the county of Lincoln.
=264  \1$a[London] :$b[s.n.],$c[1776]
=300  \\$a29, [1] pages ;$c33 cm (2º)
=340  \\$m2º
=500  \\$aCaption title.
=500  \\$aDocket title dated 1776.
=500  \\$aWoodcut factotum; woodcut ornaments.
=500  \\$aEnacted: Private Acts, 16 Geo.III.c.17.
=500  \\$aSignatures: A-G²H²(-H2).
=510  4\$aESTC,$cT74125
=530  \\$aAlso available on microfilm and in the U.K. Parliamentary Papers database which can be accessed by on-site users.
=650  \0$aCommons$zEngland$zLincolnshire$vEarly works to 1800.
=655  \7$aBills.$2rbgenr
=700  0\$aGeorge$bIII,$cKing of Great Britain,$d1738-1820,$eformer owner.$5Uk
=700  0\$aGeorge$bIV,$cKing of Great Britain,$d1762-1830,$edonor.$5Uk
=752  \\$aGreat Britain$bEngland$dLondon.
=852  41$aBritish Library$bHMNTS$jB.S.Ref.2/48.(9)
=852  41$aBritish Library$bHMNTS$j216.i.2.(1)
=856  41$uhttps://parlipapers.proquest.com/parlipapers/docview/t70.d75.pb-003008?accountid=9735$yProquest U.K. Parliamentary Papers
=985  \\$aCorrected by MS generated file for WR# 1805-0738
=CAT  \\$a13463$b40$c20171018$lBLL01$h1505
=CAT  \\$a13463$b40$c20171019$lBLL01$h1235
=CAT  \\$a3251$b40$c20171213$lBLL01$h1022
=CAT  \\$a1805-0738$c20190111$lBLL01$h1805
=CAT  \\$a1805-0738$b00$c20190111$lBLL01$h1827
=FIN  \\$aY$d20171018
=FMT  \\$a  BK
=LAS  \\$a1805-0738$b00$c20190111$lBLL01$h1827
=SRC  \\$aESTC

