=LDR  02087 am a2200493   4500
=001  018562182
=003  Uk
=005  20171024090700.0
=008  791208s1776\\\\enk\\\\\\\\\\o000\0\eng\c
=035  \\$a(Uk-ES)006345047
=040  \\$aUk-ES$cUk-ES$dCStRLIN$dUk-ES$edcrmb
=110  1\$aGreat Britain.$bParliament.
=240  10$aBills. 1776-02-19
=245  13$aAn act for dividing and inclosing the open and common field, and other commonable lands and grounds, lying within the parish and liberties of Alkerton, in the county of Oxford.
=264  \1$a[London] :$b[s.n.],$c[1776]
=300  \\$a25, [1] pages ;$c33 cm (2º)
=340  \\$m2º
=500  \\$aDocket title dated 1776.
=500  \\$aEnacted: Private Acts, 16 Geo.III.c.37.
=500  \\$aCaption title.
=500  \\$aWoodcut head-piece; woodcut factotum.
=500  \\$aSignatures: A-E² F²(-F2) G².
=510  4\$aESTC,$cT74106
=530  \\$aAlso available on microfilm and in the U.K. Parliamentary Papers database which can be accessed by on-site users.
=650  \0$aCommons$zEngland$zOxfordshire$vEarly works to 1800.
=655  \7$aBills.$2rbgenr
=700  0\$aGeorge$bIII,$cKing of Great Britain,$d1738-1820,$eformer owner.$5Uk
=700  0\$aGeorge$bIV,$cKing of Great Britain,$d1762-1830,$edonor.$5Uk
=752  \\$aGreat Britain$bEngland$dLondon.
=852  41$aBritish Library$bHMNTS$jB.S.Ref.2/48.(29)
=852  41$aBritish Library$bHMNTS$j216.i.2.(3)
=856  41$uhttps://parlipapers.proquest.com/parlipapers/docview/t70.d75.pb-003028?accountid=9735$yProquest U.K. Parliamentary Papers
=985  \\$aCorrected by MS generated file for WR# 1805-0738
=CAT  \\$a3251$b40$c20171019$lBLL01$h1508
=CAT  \\$a3251$b40$c20171019$lBLL01$h1512
=CAT  \\$a3251$b40$c20171019$lBLL01$h1527
=CAT  \\$a13463$b40$c20171024$lBLL01$h0904
=CAT  \\$a13463$b40$c20171024$lBLL01$h0907
=CAT  \\$a1805-0738$c20190111$lBLL01$h1805
=CAT  \\$a1805-0738$b00$c20190111$lBLL01$h1827
=FIN  \\$aY$d20171019
=FMT  \\$a  BK
=LAS  \\$a1805-0738$b00$c20190111$lBLL01$h1827
=SRC  \\$aESTC

