=LDR  01954 am a2200469   4500
=001  018566425
=003  Uk
=005  20171024091328.0
=008  791208s1775\\\\enk\\\\\\\\\\o000\0\eng\c
=035  \\$a(Uk-ES)006345065
=040  \\$aUk-ES$cUk-ES$dCStRLIN$dUk-ES$edcrmb
=110  1\$aGreat Britain.$bParliament.
=240  10$aBills. 1775-11-27
=245  13$aAn act for dividing and inclosing certain commons or pieces of waste ground in the parishes of Bonsall, Wirksworth and Matlock, in the county of Derby.
=264  \1$a[London] :$b[s.n.],$c[1775]
=300  \\$a25, [1] pages ;$c33 cm (2º)
=340  \\$m2º
=500  \\$aDocket title dated 1775.
=500  \\$aEnacted: Private Acts, 16 Geo.III.c.7.
=500  \\$aCaption title.
=500  \\$aWoodcut ornaments; woodcut factotum.
=500  \\$aSignatures: A-F² [chi]1.
=510  4\$aESTC,$cT74124
=530  \\$aAlso available on microfilm and in the U.K. Parliamentary Papers database which can be accessed by on-site users.
=650  \0$aCommons$zEngland$zDerbyshire$vEarly works to 1800.
=655  \7$aBills.$2rbgenr
=700  0\$aGeorge$bIII,$cKing of Great Britain,$d1738-1820,$eformer owner.$5Uk
=700  0\$aGeorge$bIV,$cKing of Great Britain,$d1762-1830,$edonor.$5Uk
=752  \\$aGreat Britain$bEngland$dLondon.
=852  41$aBritish Library$bHMNTS$j216.i.2.(6)
=852  41$aBritish Library$bHMNTS$jB.S.Ref.2/48.(2)
=856  41$uhttps://parlipapers.proquest.com/parlipapers/docview/t70.d75.pb-003001?accountid=9735$yProquest U.K. Parliamentary Papers
=985  \\$aCorrected by MS generated file for WR# 1805-0738
=CAT  \\$a3251$b40$c20171023$lBLL01$h0951
=CAT  \\$a3251$b40$c20171023$lBLL01$h1027
=CAT  \\$a3251$b40$c20171024$lBLL01$h0913
=CAT  \\$a1805-0738$c20190111$lBLL01$h1806
=CAT  \\$a1805-0738$b00$c20190111$lBLL01$h1827
=FIN  \\$aY$d20171023
=FMT  \\$a  BK
=LAS  \\$a1805-0738$b00$c20190111$lBLL01$h1827
=SRC  \\$aESTC

