=LDR  01899 am a2200445   4500
=001  018569237
=003  Uk
=005  20171025093556.0
=008  791208s1776\\\\enk\\\\\\\\\\o000\0\eng\c
=035  \\$a(Uk-ES)006345107
=040  \\$aUk-ES$cUk-ES$dCStRLIN$dUk-ES$edcrmb
=110  1\$aGreat Britain.$bParliament.
=240  10$aBills. 1776-04-18
=245  13$aAn act for dividing and inclosing the several open fields, common pastures, common, and other waste lands and grounds, within the township of Bilton, in the county of the city of York.
=264  \1$a[London] :$b[s.n.],$c[1776]
=300  \\$a29, [1] pages ;$c33 cm (2º)
=340  \\$m2º
=500  \\$aDocket title dated 1776.
=500  \\$aEnacted: Private Acts, 16 Geo.III.c.108.
=500  \\$aCaption title.
=500  \\$aWoodcut ornaments; woodcut factotum.
=500  \\$aSignatures: A-F² G²(-G2) H².
=510  4\$aESTC,$cT74166
=530  \\$aAlso available on microfilm and in the U.K. Parliamentary Papers database which can be accessed by on-site users.
=650  \0$aCommons$zEngland$zYorkshire$vEarly works to 1800.
=655  \7$aBills$2rbgenr
=700  0\$aGeorge$bIII,$cKing of Great Britain,$d1738-1820,$eformer owner.$5Uk
=700  0\$aGeorge$bIV,$cKing of Great Britain,$d1762-1830,$edonor.$5Uk
=752  \\$aGreat Britain$bEngland$dLondon.
=852  41$aBritish Library$bHMNTS$j216.i.2.(12)
=852  41$aBritish Library$bHMNTS$jB.S.Ref.2/49.(37)
=856  41$uhttps://parlipapers.proquest.com/parlipapers/docview/t70.d75.pb-003089?accountid=9735$yProquest U.K. Parliamentary Papers
=985  \\$aCorrected by MS generated file for WR# 1805-0738
=CAT  \\$a3251$b40$c20171025$lBLL01$h0935
=CAT  \\$a1805-0738$c20190111$lBLL01$h1806
=CAT  \\$a1805-0738$b00$c20190111$lBLL01$h1827
=FIN  \\$aY$d20171025
=FMT  \\$a  BK
=LAS  \\$a1805-0738$b00$c20190111$lBLL01$h1827
=SRC  \\$aESTC

