=LDR  01948 am a2200457   4500
=001  018573469
=003  Uk
=005  20171030153150.0
=008  791208s1776\\\\enk\\\\\\\\\\o000\0\eng\c
=035  \\$a(Uk-ES)006345109
=040  \\$aUk-ES$cUk-ES$dCStRLIN$dUk-ES$edcrmb
=110  1\$aGreat Britain.$bParliament.
=240  10$aBills. 1776-03-29
=245  13$aAn act for dividing and inclosing certain open common fields, stinted pastures, and commons, moors, or waste grounds, within the manor and parish of Corbridge, in the county of Northumberland.
=264  \1$a[London] :$b[s.n.],$c[1776]
=300  \\$a44, [2] pages ;$c33 cm (2º)
=340  \\$m2º
=500  \\$aDocket title dated 1776.
=500  \\$aEnacted: Private Acts, 16 Geo.III.c.106.
=500  \\$aCaption title.
=500  \\$aWoodcut head-piece; woodcut factotum.
=500  \\$aSignatures: A-K² L²(-L2) M².
=510  4\$aESTC,$cT74168
=530  \\$aAlso available on microfilm and in the U.K. Parliamentary Papers database which can be accessed by on-site users.
=650  \0$aCommons$zEngland$zNorthumberland$vEarly works to 1800.
=655  \7$aBills.$2rbgenr
=700  0\$aGeorge$bIII,$cKing of Great Britain,$d1738-1820,$eformer owner.$5Uk
=700  0\$aGeorge$bIV,$cKing of Great Britain,$d1762-1830,$edonor.$5Uk
=752  \\$aGreat Britain$bEngland$dLondon.
=852  41$aBritish Library$bHMNTS$jB.S.Ref.2/49.(35)
=852  41$aBritish Library$bHMNTS$j216.i.2.(19)
=856  41$uhttps://parlipapers.proquest.com/parlipapers/docview/t70.d75.pb-003087?$yProquest U.K. Parliamentary Papers
=985  \\$aCorrected by MS generated file for WR# 1805-0738
=CAT  \\$a3251$b40$c20171030$lBLL01$h1438
=CAT  \\$a3251$b40$c20171030$lBLL01$h1531
=CAT  \\$a1805-0738$c20190111$lBLL01$h1806
=CAT  \\$a1805-0738$b00$c20190111$lBLL01$h1827
=FIN  \\$aY$d20171030
=FMT  \\$a  BK
=LAS  \\$a1805-0738$b00$c20190111$lBLL01$h1827
=SRC  \\$aESTC

