=LDR  02069 am a2200481   4500
=001  018573515
=003  Uk
=005  20171101092614.0
=008  791208s1776\\\\enk\\\\\\\\\\o000\0\eng\c
=035  \\$a(Uk-ES)006345016
=040  \\$aUk-ES$cUk-ES$dCStRLIN$dUk-ES$edcrmb
=110  1\$aGreat Britain.$bParliament.
=240  10$aBills. 1776-04-01
=245  13$aAn act for dividing and inclosing several open common fields, woods, and average grounds, ings, marshes, carrs, commons, and other waste lands and grounds, within the several manors and parishes of Cawood and Wistow in the county of York.
=264  \1$a[London] :$b[s.n.],$c[1776]
=300  \\$a41, [3] pages ;$c33 cm (2º)
=340  \\$m2º
=500  \\$aDocket title dated 1776.
=500  \\$aEnacted: Private Acts, 16 Geo.III.c.74.
=500  \\$aCaption title.
=500  \\$aWoodcut headpiece; woodcut factotum.
=500  \\$aSignatures: A-L².
=510  4\$aESTC,$cT74075
=530  \\$aAlso available on microfilm and in the U.K. Parliamentary Papers database which can be accessed by on-site users.
=650  \0$aCommons$zEngland$zYorkshire$vEarly works to 1800.
=655  \7$aBills.$2rbgenr
=700  0\$aGeorge$bIII,$cKing of Great Britain,$d1738-1820,$eformer owner.$5Uk
=700  0\$aGeorge$bIV,$cKing of Great Britain,$d1762-1830,$edonor.$5Uk
=752  \\$aGreat Britain$bEngland$dLondon.
=852  41$aBritish Library$bHMNTS$j216.i.2.(20)
=852  41$aBritish Library$bHMNTS$jB.S.Ref.2/49.(8)
=856  41$uhttps://parlipapers.proquest.com/parlipapers/docview/t70.d75.pb-003060?$yProquest U.K. Parliamentary Papers
=985  \\$aCorrected by MS generated file for WR# 1805-0738
=CAT  \\$a3251$b40$c20171030$lBLL01$h1511
=CAT  \\$a3251$b40$c20171030$lBLL01$h1522
=CAT  \\$a3251$b40$c20171030$lBLL01$h1531
=CAT  \\$a3251$b40$c20171101$lBLL01$h0926
=CAT  \\$a1805-0738$c20190111$lBLL01$h1806
=CAT  \\$a1805-0738$b00$c20190111$lBLL01$h1827
=FIN  \\$aY$d20171030
=FMT  \\$a  BK
=LAS  \\$a1805-0738$b00$c20190111$lBLL01$h1827
=SRC  \\$aESTC

