=LDR  01900 am a2200457   4500
=001  018586349
=003  Uk
=005  20171106103818.0
=008  791208s1776\\\\enk\\\\\\\\\\o000\0\eng\c
=035  \\$a(Uk-ES)006345034
=040  \\$aUk-ES$cUk-ES$dCStRLIN$dUk-Es$ddcrmb
=110  1\$aGreat Britain.$bParliament.
=240  10$aBills. 1776-03-14
=245  13$aAn act for dividing and inclosing the open and common fields, and other commonable lands and grounds, in the parish of Ickleford, in the county of Hertford.
=264  \1$a[London] :$b[s.n.],$c[1776]
=300  \\$a19, [1] pages ;$c33 cm (2º)
=340  \\$m2º
=500  \\$aDocket title dated 1776.
=500  \\$aEnacted: Private Acts, 16 Geo.III.c.65.
=500  \\$aCaption title.
=500  \\$aWoodcut head-piece; woodcut factotum.
=500  \\$aSignatures: A-D² F².
=510  4\$aESTC,$cT74093
=530  \\$aAlso available on microfilm and in the U.K. Parliamentary Papers database which can be accessed by on-site users.
=650  \0$aCommons$zEngland$zHertforshire$vEarly works to 1800.
=655  \7$aBills.$2rbgenr
=700  0\$aGeorge$bIII,$cKing of Great Britain,$d1738-1820,$eformer owner.$5Uk
=700  0\$aGeorge$bIV,$cKing of Great Britain,$d1762-1830,$edonor.$5Uk
=752  \\$aGreat Britain$bEngland$dLondon.
=852  41$aBritish Library$bHMNTS$jB.S.Ref.2/48.(51)
=852  41$aBritish Library$bHMNTS$j216.i.2.(30)
=856  41$uhttps://parlipapers.proquest.com/parlipapers/docview/t70.d75.pb-003050?$yProquest U.K. Parliamentary Papers
=985  \\$aCorrected by MS generated file for WR# 1805-0738
=CAT  \\$a3251$b40$c20171106$lBLL01$h1036
=CAT  \\$a3251$b40$c20171106$lBLL01$h1038
=CAT  \\$a1805-0738$c20190111$lBLL01$h1807
=CAT  \\$a1805-0738$b00$c20190111$lBLL01$h1828
=FIN  \\$aY$d20171106
=FMT  \\$a  BK
=LAS  \\$a1805-0738$b00$c20190111$lBLL01$h1828
=SRC  \\$aESTC

