=LDR  01931 am a2200457   4500
=001  018607711
=003  Uk
=005  20171205145149.0
=008  791208s1776\\\\enk\\\\\\\\\\o000\0\eng\c
=035  \\$a(Uk-ES)006345018
=040  \\$aUk-ES$cUk-ES$dCStRLIN$dUk-ES$edcrmb
=110  1\$aGreat Britain.$bParliament.
=240  10$aBills. 1775-12-12
=245  13$aAn act for exchanging certain lands in the parish and liberties of Spaldwick with Upthorpe for other lands in the parish of Long Stow, in the county of Huntingdon, in the manner and for the purposes therein-mentioned.
=264  \1$a[London] :$b[s.n.],$c[1776]
=300  \\$a3, [1] pages ;$c33 cm (2º)
=340  \\$m2º
=500  \\$aDocket title dated 1776.
=500  \\$aEnacted: Private Acts, 16 Geo.III.c.16.
=500  \\$aCaption title.
=500  \\$aWoodcut ornaments; woodcut factotum.
=500  \\$aSignatures: A².
=510  4\$aESTC,$cT74077
=530  \\$aAlso available on microfilm and in the U.K. Parliamentary Papers database which can be accessed by on-site users.
=655  \7$aBills.$2rbgenr
=700  0\$aGeorge$bIII,$cKing of Great Britain,$d1738-1820,$eformer owner.$5Uk
=700  0\$aGeorge$bIV,$cKing of Great Britain,$d1762-1830,$edonor.$5Uk
=752  \\$aGreat Britain$bEngland$dLondon.
=852  41$aBritish Library$bHMNTS$jB.S.Ref.2/48.(8)
=852  41$aBritish Library$bHMNTS$j216.i.2.(47)
=856  41$uhttps://parlipapers.proquest.com/parlipapers/docview/t70.d75.pb-003007?$yProquest U.K. Parliamentary Papers
=985  \\$aCorrected by MS generated file for WR# 1805-0738
=CAT  \\$a3251$b40$c20171114$lBLL01$h1240
=CAT  \\$a3251$b40$c20171114$lBLL01$h1250
=CAT  \\$a3251$b40$c20171205$lBLL01$h1451
=CAT  \\$a1805-0738$c20190111$lBLL01$h1807
=CAT  \\$a1805-0738$b00$c20190111$lBLL01$h1828
=FIN  \\$aY$d20171114
=FMT  \\$a  BK
=LAS  \\$a1805-0738$b00$c20190111$lBLL01$h1828
=SRC  \\$aESTC

