=LDR  01888 am a2200457   4500
=001  018611428
=003  Uk
=005  20171205150508.0
=008  791208s1776\\\\enk\\\\\\\\\\o000\0\eng\c
=035  \\$a(Uk-ES)006345032
=040  \\$aUk-ES$cUk-ES$dCStRLIN$dUk-ES$edcrmb
=110  1\$aGreat Britain.$bParliament.
=240  10$aBills. 1776-03-14
=245  13$aAn act for dividing and inclosing the open arable fields, meadows and pastures within the township of Sutton upon Derwent in the East Riding of the county of York.
=264  \1$a[London] :$b[s.n.],$c[1776]
=300  \\$a28, [2] pages ;$c33 cm (2º)
=340  \\$m2º
=500  \\$aDocket title dated 1776.
=500  \\$aEnacted: Private Acts, 16 Geo.III.c.67.
=500  \\$aCaption title.
=500  \\$aWoodcut ornaments; woodcut factotum.
=500  \\$aSignatures: A-G² [chi]1.
=510  4\$aESTC,$cT74091
=530  \\$aAlso available on microfilm and in the U.K. Parliamentary Papers database which can be accessed by on-site users.
=655  \7$aBills.$2rbgenr
=700  0\$aGeorge$bIII,$cKing of Great Britain,$d1738-1820,$eformer owner.$5Uk
=700  0\$aGeorge$bIV,$cKing of Great Britain,$d1762-1830,$edonor.$5Uk
=752  \\$aGreat Britain$bEngland$dLondon.
=852  41$aBritish Library$bHMNTS$j216.i.2.(50)
=852  41$aBritish Library$bHMNTS$jB.S.Ref.2/49.(1)
=856  41$uhttps://parlipapers.proquest.com/parlipapers/docview/t70.d75.pb-003053?$yProquest U.K. Parliamentary Papers
=985  \\$aCorrected by MS generated file for WR# 1805-0738
=CAT  \\$a3251$b40$c20171116$lBLL01$h1626
=CAT  \\$a3251$b40$c20171117$lBLL01$h1500
=CAT  \\$a13463$b40$c20171205$lBLL01$h1505
=CAT  \\$a1805-0738$c20190111$lBLL01$h1807
=CAT  \\$a1805-0738$b00$c20190111$lBLL01$h1828
=FIN  \\$aY$d20171116
=FMT  \\$a  BK
=LAS  \\$a1805-0738$b00$c20190111$lBLL01$h1828
=SRC  \\$aESTC

