=LDR  02041 am a2200445   4500
=001  018613255
=003  Uk
=005  20171120123958.0
=008  791208s1776\\\\enk\\\\\\\\\\o000\0\eng\c
=035  \\$a(Uk-ES)006345110
=040  \\$aUk-ES$cUk-ES$dCStRLIN$dUk-ES$edcrmb
=110  1\$aGreat Britain.$bParliament.
=240  10$aBills. 1776-04-01
=245  13$aAn act for dividing and inclosing the open and common fields, common pastures, common meadows, and other commonable lands and grounds, of, and in, Over Weedon Beck, and Nether Weedon Beck, within the parish and liberties of Weedon Beck, in the county of Northampton.
=264  \1$a[London] :$b[s.n.],$c[1776]
=300  \\$a37, [1] pages ;$c33 cm (2º)
=340  \\$m2º
=500  \\$aDocket title dated 1776.
=500  \\$aEnacted: Private Acts, 16 Geo.III.c.105.
=500  \\$aCaption title.
=500  \\$aWoodcut head-piece;woodcut factotum.
=500  \\$aSignatures: A-H² I²(-I2) K².
=510  4\$aESTC,$cT74169
=530  \\$aAlso available on microfilm and in the U.K. Parliamentary Papers database which can be accessed by on-site users.
=650  \0$aCommons$zEngland$zNorthamptonshire$vEarly works to 1800.
=655  \7$aBills.$2rbgenr
=700  0\$aGeorge$bIII,$cKing of Great Britain,$d1738-1820,$eformer owner.$5Uk
=700  0\$aGeorge$bIV,$cKing of Great Britain,$d1762-1830,$edonor.$5Uk
=752  \\$aGreat Britain$bEngland$dLondon.
=852  41$aBritish Library$bHMNTS$jB.S.Ref.2/49.(34)
=852  41$aBritish Library$bHMNTS$j216.i.2.(57)$qCopy at 216.i.2.(57). Imperfect: wanting pages 25-28 (sig. G²).
=856  41$uhttps://parlipapers.proquest.com/parlipapers/docview/t70.d75.pb-003086?$yProquest U.K. Parliamentary Papers
=985  \\$aCorrected by MS generated file for WR# 1805-0738
=CAT  \\$a3251$b40$c20171120$lBLL01$h1239
=CAT  \\$a1805-0738$c20190111$lBLL01$h1807
=CAT  \\$a1805-0738$b00$c20190111$lBLL01$h1828
=FIN  \\$aY$d20171120
=FMT  \\$a  BK
=LAS  \\$a1805-0738$b00$c20190111$lBLL01$h1828
=SRC  \\$aESTC

