=LDR  01999 am a2200457   4500
=001  018613282
=003  Uk
=005  20171120132720.0
=008  791208s1776\\\\enk\\\\\\\\\\o000\0\eng\c
=035  \\$a(Uk-ES)006345030
=040  \\$aUk-ES$cUk-ES$dCStRLIN$dUk-ES$edcrmb
=110  1\$aGreat Britain.$bParliament.
=240  10$aBills. 1776-03-18
=245  13$aAn act for dividing and inclosing the open and common fields, common pastures, common meadows, and other commonable lands of and within the parish and liberties of Yelvertoft, in the county of Northampton.
=264  \1$a[London] :$b[s.n.],$c[1776]
=300  \\$a33, [1] pages ;$c33 cm (2º)
=340  \\$m2º
=500  \\$aWith a docket title; variant has the docket title dated 1776.
=500  \\$aEnacted: Private Acts, 16 Geo.III.c.69.
=500  \\$aCaption title.
=500  \\$aWoodcut ornaments; woodcut factotum.
=500  \\$aSignatures: A-H² [chi]1.
=510  4\$aESTC,$cT74089
=530  \\$aAlso available on microfilm and in the U.K. Parliamentary Papers database which can be accessed by on-site users.
=650  \0$aCommons$zEngland$zNorthamptonshire$vEarly works to 1800.
=655  \7$aBills.$2rbgenr
=700  0\$aGeorge$bIII,$cKing of Great Britain,$d1738-1820,$eformer owner.$5Uk
=700  0\$aGeorge$bIV,$cKing of Great Britain,$d1762-1830,$edonor.$5Uk
=752  \\$aGreat Britain$bEngland$dLondon.
=852  41$aBritish Library$bHMNTS$jB.S.Ref.2/49.(3)
=852  41$aBritish Library$bHMNTS$j216.i.2.(59)
=852  41$aBritish Library$bHMNTS$jB.S.302/75.(69)
=856  41$uhttps://parlipapers.proquest.com/parlipapers/docview/t70.d75.pb-003055?$yProquest U.K. Parliamentary Papers
=985  \\$aCorrected by MS generated file for WR# 1805-0738
=CAT  \\$a3251$b40$c20171120$lBLL01$h1327
=CAT  \\$a1805-0738$c20190111$lBLL01$h1807
=CAT  \\$a1805-0738$b00$c20190111$lBLL01$h1828
=FIN  \\$aY$d20171120
=FMT  \\$a  BK
=LAS  \\$a1805-0738$b00$c20190111$lBLL01$h1828
=SRC  \\$aESTC

