=LDR  02103 am a2200469   4500
=001  018615284
=003  Uk
=005  20171221102617.0
=008  791208s1776\\\\enk\\\\\\\\\\o000\0\eng\c
=035  \\$a(Uk-ES)006345079
=040  \\$aUk-ES$cUk-ES$dCStRLIN$dUk-ES$edcrmb
=110  1\$aGreat Britain.$bParliament.
=240  10$aBills. 1776-04-03
=245  13$aAn act for vesting in trustees the settled estate of the most noble Peregrine Duke of Ancaster and Kesteven, in the county of York, to discharge incumbrances affecting the same, and other part of the said settled estates;$band for purchasing estates to be settled to the several uses therein mentioned.
=264  \1$a[London] :$b[s.n.],$c[1776]
=300  \\$a32, [2] pages ;$c33 cm (2º)
=340  \\$m2º
=500  \\$aWith a docket title.
=500  \\$aEnacted: Private Acts, 16 Geo.III.c.92.
=500  \\$aCaption title.
=500  \\$aWoodcut head-piece; woodcut factotum.
=500  \\$aSignatures: A-H² [chi]1.
=510  4\$aESTC,$cT74138
=530  \\$aAlso available on microfilm and in the U.K. Parliamentary Papers database which can be accessed by on-site users.
=650  \0$aTrusts and trustees$zEngland$zYorkshire$vEarly works to 1800.
=655  \7$aBills.$2rbgenr
=700  0\$aGeorge$bIII,$cKing of Great Britain,$d1738-1820,$eformer owner.$5Uk
=700  0\$aGeorge$bIV,$cKing of Great Britain,$d1762-1830,$edonor.$5Uk
=752  \\$aGreat Britain$bEngland$dLondon.
=852  41$aBritish Library$bHMNTS$j216.i.2.(61)
=852  41$aBritish Library$bHMNTS$jB.S.Ref.2/49.(21)
=856  41$uhttps://parlipapers.proquest.com/parlipapers/docview/t70.d75.pb-003073?$yProquest U.K. Parliamentary Papers
=985  \\$aCorrected by MS generated file for WR# 1805-0738
=CAT  \\$a3251$b40$c20171121$lBLL01$h1453
=CAT  \\$a3251$b40$c20171205$lBLL01$h1442
=CAT  \\$a13463$b40$c20171221$lBLL01$h1026
=CAT  \\$a1805-0738$c20190111$lBLL01$h1807
=CAT  \\$a1805-0738$b00$c20190111$lBLL01$h1828
=FIN  \\$aY$d20171121
=FMT  \\$a  BK
=LAS  \\$a1805-0738$b00$c20190111$lBLL01$h1828
=SRC  \\$aESTC

