=LDR  02137 am a2200433   4500
=001  018619061
=003  Uk
=005  20171123123448.0
=008  791208s1776\\\\enk\\\\\\\\\\o000\0\eng\c
=035  \\$a(Uk-ES)006345073
=040  \\$aUk-ES$cUk-ES$dCStRLIN$dUk-ES$edcrmb
=110  1\$aGreat Britain.$bParliament.
=240  10$aBills. 1776-04-24
=245  13$aAn act for the sale of a leasehold estate, late belonging to Sir John Abdy, Baronet, deceased, at Bishops Canning in the county of Wilts;$band of timber trees growing on his estate in the county of Essex; and also of his medals and coins; for paying off and discharging certain incumbrances affecting his real estates in Essex; and for laying out the residue of the monies arising by such sales in the purchase of lands, to be settled to the same uses as his estates in Essex now stand settled by his will.
=264  \1$a[London] :$b[s.n.],$c[1776]
=300  \\$a32, [2] pages ;$c33 cm (2º)
=340  \\$m2º
=500  \\$aDocket title dated 1776.
=500  \\$aEnacted: Private Acts, 16 Geo.III.c.112.
=500  \\$aCaption title.
=500  \\$aWoodcut head-piece; woodcut factotum.
=500  \\$aSignatures: A-H² [chi]1.
=510  4\$aESTC,$cT74132
=530  \\$aAlso available on microfilm and in the U.K. Parliamentary Papers database which can be accessed by on-site users.
=655  \7$aBills.$2rbgenr
=700  0\$aGeorge$bIII,$cKing of Great Britain,$d1738-1820,$eformer owner.$5Uk
=700  0\$aGeorge$bIV,$cKing of Great Britain,$d1762-1830,$edonor.$5Uk
=752  \\$aGreat Britain$bEngland$dLondon.
=852  41$aBritish Library$bHMNTS$jB.S.Ref.2/49.(41)
=852  41$aBritish Library$bHMNTS$j216.i.2.(63)
=856  41$uhttps://parlipapers.proquest.com/parlipapers/docview/t70.d75.pb-003093?$yProquest U.K. Parliamentary Papers
=985  \\$aCorrected by MS generated file for WR# 1805-0738
=CAT  \\$a3251$b40$c20171123$lBLL01$h1234
=CAT  \\$a1805-0738$c20190111$lBLL01$h1807
=CAT  \\$a1805-0738$b00$c20190111$lBLL01$h1828
=FIN  \\$aY$d20171123
=FMT  \\$a  BK
=LAS  \\$a1805-0738$b00$c20190111$lBLL01$h1828
=SRC  \\$aESTC

