=LDR  02108 am a2200445   4500
=001  018619184
=003  Uk
=005  20180202145001.0
=008  791208s1776\\\\enk\\\\\\\\\\o000\0\eng\c
=035  \\$a(Uk-ES)006345103
=040  \\$aUk-ES$cUk-ES$dCStRLIN$dUk-ES$edcrmb
=110  1\$aGreat Britain.$bParliament.
=240  10$aBills. 1776-02-07
=245  13$aAn act for vesting certain messuages, lands and hereditaments, in the several counties of Durham, Middlesex, Berks and Sussex, and in the city of London (part of the freehold and copyhold estates devised by the will of George Bowes Esquire, deceased) in trustees to be sold or exchanged;$band for laying out the money to arise thereby, in the purchase of other messuages, lands, tenements, or hereditaments, to be settled to the same uses.
=264  \1$a[London] :$b[s.n.],$c[1776]
=300  \\$a25, [3] pages ;$c33 cm (2º)
=340  \\$m2º
=500  \\$aDocket title dated 1776.
=500  \\$aEnacted: Private Acts, 16 Geo.III.c.11.
=500  \\$aCaption title.
=500  \\$aWoodcut ornaments; woodcut factotum.
=500  \\$aSignatures: A-G².
=510  4\$aESTC,$cT74162
=530  \\$aAlso available on microfilm and in the U.K. Parliamentary Papers database which can be accessed by on-site users.
=655  \7$aBills.$2rbgenr
=700  0\$aGeorge$bIII,$cKing of Great Britain,$d1738-1820,$eformer owner.$5Uk
=700  0\$aGeorge$bIV,$cKing of Great Britain,$d1762-1830,$edonor.$5Uk
=752  \\$aGreat Britain$bEngland$dLondon.
=852  41$aBritish Library$bHMNTS$j216.i.2.(65)
=852  41$aBritish Library$bHMNTS$jB.S.Ref.2/48.(3)
=856  41$uhttps://parlipapers.proquest.com/parlipapers/docview/t70.d75.pb-003002?$yProquest U.K. Parliamentary Papers
=985  \\$aCorrected by MS generated file for WR# 1805-0738
=CAT  \\$a3251$b40$c20171123$lBLL01$h1450
=CAT  \\$a3251$b40$c20180202$lBLL01$h1450
=CAT  \\$a1805-0738$c20190111$lBLL01$h1807
=CAT  \\$a1805-0738$b00$c20190111$lBLL01$h1828
=FIN  \\$aY$d20171123
=FMT  \\$a  BK
=LAS  \\$a1805-0738$b00$c20190111$lBLL01$h1828
=SRC  \\$aESTC

