=LDR  02360 am a2200433   4500
=001  018620622
=003  Uk
=005  20171124143423.0
=008  800314s1776\\\\enk\\\\\\\\\\o000\0\eng\c
=035  \\$a(Uk-ES)006345067
=040  \\$aUk-ES$cUk-ES$dCStRLIN$dUk-ES$edcrmb
=110  1\$aGreat Britain.$bParliament.
=240  10$aBills. 1776-05-02
=245  13$aAn act for vesting certain manors, messuages, lands, and hereditaments, in the several counties of Middlesex, Surrey, Southampton, and Norfolk, the freehold, copyhold, and leasehold estates, late of John Albert Bentinck, Esquire, deceased, in trustees, in trust to sell, mortgage or exchange any part or parts thereof;$band for applying the money to arise thereby, in discharging incumbrances, and making buildings and improvements on the said estates; and in compleating purchases of lands agrees for by the said John Albert Bentinck, and for other purposes; and for laying out the residue of such money in the purchase of other manors. lands, or hereditaments, to be settles to the same uses as are now subsisting concerning the same.
=264  \1$a[London] :$b[s.n.],$c[1776]
=300  \\$a19, [1] pages ;$c33 cm (2º)
=340  \\$m2º
=500  \\$aDocket title dated 1776.
=500  \\$aEnacted: Private Acts, 16 Geo.III.c.115.
=500  \\$aCaption title.
=500  \\$aWoodcut head-piece; woodcut factotum.
=500  \\$aSignatures: A-E².
=510  4\$aESTC,$cT74126
=530  \\$aAlso available on microfilm and in the U.K. Parliamentary Papers database which can be accessed by on-site users.
=655  \7$aBills.$2rbgenr
=700  0\$aGeorge$bIII,$cKing of Great Britain,$d1738-1820,$eformer owner.$5Uk
=700  0\$aGeorge$bIV,$cKing of Great Britain,$d1762-1830,$edonor.$5Uk
=752  \\$aGreat Britain$bEngland$dLondon.
=852  41$aBritish Library$bHMNTS$j216.i.2.(67)
=852  41$aBritish Library$bHMNTS$jB.S.Ref.2/49.(44)
=856  41$uhttps://parlipapers.proquest.com/parlipapers/docview/t70.d75.pb-003096?$yProquest U.K. Parliamentary Papers
=985  \\$aCorrected by MS generated file for WR# 1805-0738
=CAT  \\$a3251$b40$c20171124$lBLL01$h1434
=CAT  \\$a1805-0738$c20190111$lBLL01$h1807
=CAT  \\$a1805-0738$b00$c20190111$lBLL01$h1828
=FIN  \\$aY$d20171124
=FMT  \\$a  BK
=LAS  \\$a1805-0738$b00$c20190111$lBLL01$h1828
=SRC  \\$aESTC

