=LDR  02205 am a2200445   4500
=001  018620642
=003  Uk
=005  20171205151114.0
=008  791208s1776\\\\enk\\\\\\\\\\o000\0\eng\c
=035  \\$a(Uk-ES)006345096
=040  \\$aUk-ES$cUk-ES$dCU-RivES$dCStRLIN$dCU-RivES$dUk-ES$edcrmb
=110  1\$aGreat Britain.$bParliament.
=240  10$aBills. 1776-03-07
=245  13$aAn act to enable William Clayton, Esquire, during his life, and the guardians of his infant children after his decease, to make building and improving leases of certain lands and premises, part of the manor of Kennington, in the county of Surrey, held by letters patent from His Majesty, as part of the Dutchy of Cornwall, and to raise money for payment of the fines and expences of renewing the letters patent, and for defraying the expences to attend the granting such building and improving leases.
=264  \1$a[London] :$b[s.n.],$c[1776]
=300  \\$a15, [1] pages, table ;$c33 cm (2º)
=340  \\$m2º
=500  \\$aDocket title dated 1776.
=500  \\$aEnacted: Private Acts, 16 Geo.III.c.58.
=500  \\$aCaption title.
=500  \\$aWoodcut head-piece; woodcut factotum.
=500  \\$aSignatures: A-D² [E]².
=510  4\$aESTC,$cT74155
=530  \\$aAlso available on microfilm and in the U.K. Parliamentary Papers database which can be accessed by on-site users.
=655  \7$aBills.$2rbgenr
=700  0\$aGeorge$bIII,$cKing of Great Britain,$d1738-1820,$eformer owner.$5Uk
=700  0\$aGeorge$bIV,$cKing of Great Britain,$d1762-1830,$edonor.$5Uk
=752  \\$aGreat Britain$bEngland$dLondon.
=852  41$aBritish Library$bHMNTS$j216.i.2.(69)
=852  41$aBritish Library$bHMNTS$jB.S.Ref.2/48.(44)
=856  41$uhttps://parlipapers.proquest.com/parlipapers/docview/t70.d75.pb-003043?$yProquest U.K. Parliamentary Papers
=985  \\$aCorrected by MS generated file for WR# 1805-0738
=CAT  \\$a3251$b40$c20171124$lBLL01$h1518
=CAT  \\$a3251$b40$c20171205$lBLL01$h1511
=CAT  \\$a1805-0738$c20190111$lBLL01$h1807
=CAT  \\$a1805-0738$b00$c20190111$lBLL01$h1828
=FIN  \\$aY$d20171124
=FMT  \\$a  BK
=LAS  \\$a1805-0738$b00$c20190111$lBLL01$h1828
=SRC  \\$aESTC

