=LDR  02065 am a2200433   4500
=001  018623033
=003  Uk
=005  20180202145023.0
=008  791208s1776\\\\enk\\\\\\\\\\o000\0\eng\c
=035  \\$a(Uk-ES)006345082
=040  \\$aUk-ES$cUk-ES$dCStRLIN$dUk-ES$edcrmb
=110  1\$aGreat Britain.$bParliament.
=240  10$aBills. 1776-03-29
=245  13$aAn act for applying the money to arise by sale of certain messuages situate in Cheapside, in the city of London, devised by the will of Edmund Estcourt Esquire, deceased, to trustees to be sold, in the building a mansion house upon the settled estates late of the said Edmund Estcourt at Shipton Moyne and Dovel, in the county of Gloucester, together with the materials of the ancient house now standing thereon.
=264  \1$a[London] :$b[s.n.],$c[1776]
=300  \\$a12, [2] pages ;$c33 cm (2º)
=340  \\$m2º
=500  \\$aDocket title dated 1776.
=500  \\$aEnacted: Private Acts, 16 Geo.III.c.113.
=500  \\$aCaption title.
=500  \\$aWoodcut ornaments; woodcut factotum.
=500  \\$aSignatures: A-B² C²(-C2) D².
=510  4\$aESTC,$cT74141
=530  \\$aAlso available on microfilm and in the U.K. Parliamentary Papers database which can be accessed by on-site users.
=700  0\$aGeorge$bIII,$cKing of Great Britain,$d1738-1820,$eformer owner.$5Uk
=700  0\$aGeorge$bIV,$cKing of Great Britain,$d1762-1830,$edonor.$5Uk
=752  \\$aGreat Britain$bEngland$dLondon.
=852  41$aBritish Library$bHMNTS$jB.S.Ref.2/49.(42)
=852  41$aBritish Library$bHMNTS$j216.i.2.(72)
=856  41$uhttps://parlipapers.proquest.com/parlipapers/docview/t70.d75.pb-003094?$yProquest U.K. Parliamentary Papers
=985  \\$aCorrected by MS generated file for WR# 1805-0738
=CAT  \\$a3251$b40$c20171127$lBLL01$h1551
=CAT  \\$a3251$b40$c20180202$lBLL01$h1450
=CAT  \\$a1805-0738$c20190111$lBLL01$h1807
=CAT  \\$a1805-0738$b00$c20190111$lBLL01$h1828
=FIN  \\$aY$d20171127
=FMT  \\$a  BK
=LAS  \\$a1805-0738$b00$c20190111$lBLL01$h1828
=SRC  \\$aESTC

