=LDR  01998 am a2200469   4500
=001  018627015
=003  Uk
=005  20171129131528.0
=008  791208s1776\\\\enk\\\\\\\\\\o000\0\eng\c
=035  \\$a(Uk-ES)006345097
=040  \\$aUk-ES$cUk-ES$dCStRLIN$dUk-ES$edcrmb
=110  1\$aGreat Britain.$bParliament.
=240  10$aBills. 1776-02-29
=245  13$aAn act to dissolve the marriage of John Eliot, doctor in physic, with Grace Dalrymple, his now wife, and to enable him to marry again, and for other purposes therein mentioned.
=264  \1$a[London] :$b[s.n.],$c[1776]
=300  \\$a5, [1] pages ;$c33 cm (2º)
=340  \\$m2º
=500  \\$aDocket title dated 1776.
=500  \\$aEnacted: Private Acts, 16 Geo.III.c.84.
=500  \\$aCaption title.
=500  \\$aWoodcut head-piece; woodcut factotum.
=510  4\$aESTC,$cT74156
=530  \\$aAlso available on microfilm and in the U.K. Parliamentary Papers database which can be accessed by on-site users.
=600  10$aEliot, John,$cSir,$d1736-1786$xDivorce.
=650  \0$aDivorce$xLaw and legislation$zGreat Britain$vEarly works to 1800.
=655  \7$aBills.$2rbgenr.
=700  0\$aGeorge$bIII,$cKing of Great Britain,$d1738-1820,$eformer owner.$5Uk
=700  0\$aGeorge$bIV,$cKing of Great Britain,$d1762-1830,$edonor.$5Uk
=752  \\$aGreat Britain$bEngland$dLondon.
=852  41$aBritish Library$bHMNTS$jB.S.Ref.2/49.(18)
=852  41$aBritish Library$bHMNTS$j216.i.2.(73)
=856  41$uhttps://parlipapers.proquest.com/parlipapers/docview/t70.d75.pb-003070?$yProquest U.K. Parliamentary Papers
=985  \\$aCorrected by MS generated file for WR# 1805-0738
=CAT  \\$a3251$b40$c20171129$lBLL01$h1258
=CAT  \\$a3251$b40$c20171129$lBLL01$h1314
=CAT  \\$a3251$b40$c20171129$lBLL01$h1315
=CAT  \\$a1805-0738$c20190111$lBLL01$h1807
=CAT  \\$a1805-0738$b00$c20190111$lBLL01$h1828
=FIN  \\$aY$d20171129
=FMT  \\$a  BK
=LAS  \\$a1805-0738$b00$c20190111$lBLL01$h1828
=SRC  \\$aESTC

