=LDR  02581 am a2200457   4500
=001  018627024
=003  Uk
=005  20171129162000.0
=008  791208s1776\\\\enk\\\\\\\\\\o000\0\eng\c
=035  \\$a(Uk-ES)006345071
=040  \\$aUk-ES$cUk-ES$dCU-RivES$dCStRLIN$dCU-RivES$dUk-ES$edcrmb
=110  1\$aGreat Britain.$bParliament.
=240  10$aBills. 1776-04-25
=245  13$aAn act for settling and securing certain parts of the lands and barony of Corsemichael, called Greenlaw, and others, lying in the stewartry of Kirkcudbright, to and in favour of Isabel Gordon of Culvennan, widow of William Gordon of Greenlaw, Esquire, for her life, and to and in favour of Alexander Gorden of Culvennan Esquire, her eldest son and the same series of heirs in fee tail, and under the same conditions and limitations as are mentioned and contained in a deed of entail made in the year one thousand seven hundred and forty two, by John Macculloch of Barholm and Jean Gordon his wife, and for vesting in the aforesaid Alexader Gordon, and his heirs and assigns, in fee simple, the estate of Culvennan, and others, lying in county of Wigton, together with the sum of one thousand nine hundred and seventy-one pounds sterling.
=264  \1$a[London] :$b[s.n.],$c[1776]
=300  \\$a9, [1] pages ;$c33 cm (2º)
=340  \\$m2º
=500  \\$aWith a docket title.
=500  \\$aEnacted: Private Acts, 16 Geo.III.c.119.
=500  \\$aCaption title.
=500  \\$aWoodcut ornaments; woodcut factotum.
=500  \\$aSignatures: A-B² [chi]1.
=510  4\$aESTC,$cT74130
=530  \\$aAlso available on microfilm and in the U.K. Parliamentary Papers database which can be accessed by on-site users.
=651  \0$aGreat Britain$xHistory$y1760-1789.
=655  \7$aBills.$2rbgenr
=700  0\$aGeorge$bIII,$cKing of Great Britain,$d1738-1820,$eformer owner.$5Uk
=700  0\$aGeorge$bIV,$cKing of Great Britain,$d1762-1830,$edonor.$5Uk
=752  \\$aGreat Britain$bEngland$dLondon.
=852  41$aBritish Library$bHMNTS$jB.S.Ref.2/49.(48)
=852  41$aBritish Library$bHMNTS$j216.i.2.(74)
=856  41$uhttps://parlipapers.proquest.com/parlipapers/docview/t70.d75.pb-003100?$yProquest U.K. Parliamentary Papers
=985  \\$aCorrected by MS generated file for WR# 1805-0738
=CAT  \\$a3251$b40$c20171129$lBLL01$h1319
=CAT  \\$a3251$b40$c20171129$lBLL01$h1620
=CAT  \\$a1805-0738$c20190111$lBLL01$h1807
=CAT  \\$a1805-0738$b00$c20190111$lBLL01$h1828
=FIN  \\$aY$d20171129
=FMT  \\$a  BK
=LAS  \\$a1805-0738$b00$c20190111$lBLL01$h1828
=SRC  \\$aESTC

