=LDR  02055 am a2200445   4500
=001  018627518
=003  Uk
=005  20171130092724.0
=008  791208s1776\\\\enk\\\\\\\\\\o000\0\eng\c
=035  \\$a(Uk-ES)006345104
=040  \\$aUk-ES$cUk-ES$dCU-RivES$dCStRLIN$dCU-RivES$dUk-ES$edcrmb
=110  1\$aGreat Britain.$bParliament.
=240  10$aBills. 1776-01-31
=245  13$aAn act for vesting the advowson of the rectory of Pewsey, in the county of Wilts (part of the estate comprised in the marriage settlement of Stephen late Lord Holland, deceased), in trustees, and heirs, in trust, to be sold, and for laying out the money to arise thereby in finishing and completeing a mansion-house at Winterslow, in the same county.
=264  \1$a[London] :$b[s.n.],$c[1776]
=300  \\$a11, [1] pages ;$c33 cm (2º)
=340  \\$m2º
=500  \\$aWith a docket title.
=500  \\$aEnacted: Private Acts, 16 Geo.III.c.12.
=500  \\$aCaption title.
=500  \\$aWoodcut head-piece; woodcut factotum.
=500  \\$aSignatures: A-C².
=510  4\$aESTC,$cT74163
=530  \\$aAlso available on microfilm and in the U.K. Parliamentary Papers database which can be accessed by on-site users.
=650  \0$aAdvowson$zEngland$zWiltshire$vEarly works to 1800.
=655  \7$aBills.$2rbgenr
=700  0\$aGeorge$bIII,$cKing of Great Britain,$d1738-1820,$eformer owner.$5Uk
=700  0\$aGeorge$bIV,$cKing of Great Britain,$d1762-1830,$edonor.$5Uk
=752  \\$aGreat Britain$bEngland$dLondon.
=852  41$aBritish Library$bHMNTS$jB.S.Ref.2/48.(4)
=852  41$aBritish Library$bHMNTS$j216.i.2.(75)
=856  41$uhttps://parlipapers.proquest.com/parlipapers/docview/t70.d75.pb-003003?$yProquest U.K. Parliamentary Papers
=985  \\$aCorrected by MS generated file for WR# 1805-0738
=CAT  \\$a3251$b40$c20171130$lBLL01$h0927
=CAT  \\$a1805-0738$c20190111$lBLL01$h1807
=CAT  \\$a1805-0738$b00$c20190111$lBLL01$h1828
=FIN  \\$aY$d20171130
=FMT  \\$a  BK
=LAS  \\$a1805-0738$b00$c20190111$lBLL01$h1828
=SRC  \\$aESTC

