=LDR  02083 am a2200433   4500
=001  018627534
=003  Uk
=005  20171130095025.0
=008  791208s1776\\\\enk\\\\\\\\\\o000\0\eng\c
=035  \\$a(Uk-ES)006345105
=040  \\$aUk-ES$cUk-ES$dCStRLIN$dUk-ES$edcrmb
=110  1\$aGreat Britain.$bParliament.
=240  10$aBills. 1776-01-25
=245  13$aAn act for vesting certain leasehold pieces of ground, in the parish of Saint George, Hanover Square, in the county of Middlesex, together with a capital messuage built on part thereof, and devised by the will of Sir John Hales, Baronet, deceased, in trustees, in trust, to assign the same to Henry Herbert, Esquire, pursuant to an agreement for that purpose;$band for applying the consideration money in such manner as in the said act is mentioned.
=264  \1$a[London] :$b[s.n.],$c[1776]
=300  \\$a12, [2] pages ;$c33 cm (2º)
=340  \\$m2º
=500  \\$aDocket title dated 1776.
=500  \\$aEnacted: Private Acts, 16 Geo.III.c.13.
=500  \\$aCaption title.
=500  \\$aWoodcut ornaments; woodcut factotum.
=500  \\$aSignatures: A-B² C²(-C2) D².
=510  4\$aESTC,$cT74164
=530  \\$aAlso available on microfilm and in the U.K. Parliamentary Papers database which can be accessed by on-site users.
=655  \7$aBills.$2rbgenr
=700  0\$aGeorge$bIII,$cKing of Great Britain,$d1738-1820,$eformer owner.$5Uk
=700  0\$aGeorge$bIV,$cKing of Great Britain,$d1762-1830,$edonor.$5Uk
=752  \\$aGreat Britain$bEngland$dLondon.
=852  41$aBritish Library$bHMNTS$jB.S.Ref.2/48.(5)
=852  41$aBritish Library$bHMNTS$j216.i.2.(76)
=856  41$uhttps://parlipapers.proquest.com/parlipapers/docview/t70.d75.pb-003004?$yProquest U.K. Parliamentary Papers
=985  \\$aCorrected by MS generated file for WR# 1805-0738
=CAT  \\$a3251$b40$c20171130$lBLL01$h0950
=CAT  \\$a1805-0738$c20190111$lBLL01$h1807
=CAT  \\$a1805-0738$b00$c20190111$lBLL01$h1828
=FIN  \\$aY$d20171130
=FMT  \\$a  BK
=LAS  \\$a1805-0738$b00$c20190111$lBLL01$h1828
=SRC  \\$aESTC

