=LDR  02180 am a2200445   4500
=001  018627618
=003  Uk
=005  20171130122536.0
=008  791208s1776\\\\enk\\\\\\\\\\o000\0\eng\c
=035  \\$a(Uk-ES)006345101
=040  \\$aUk-ES$cUk-ES$dCStRLIN$dUk-ES$edcrmb
=110  1\$aGreat Britain.$bParliament.
=240  10$aBills. 1776-02-22
=245  13$aAn act for impowering Richard Hoare Esq; the surviving trustee named in the will of Mary Arnold, his heirs, executors, administrators or assigns, to make sale of a certain copyhold messuage or tenement at Hampstead, in the county of Middlesex, with the appurtenances, and the houshold goods and furniture thereunto belonging, vested in him by the said will upon certain trusts therein expressed;$band to invest the money to arise by such sale in the purchase of lands or tenements to be settled in like manner.
=264  \1$a[London] :$b[s.n.],$c[1776]
=300  \\$a19, [1] pages ;$c33 cm (2º)
=340  \\$m2º
=500  \\$aDocket title dated 1776.
=500  \\$aEnacted: Private Acts, 16 Geo.III.c.45.
=500  \\$aCaption title.
=500  \\$aWoodcut ornaments; woodcut factotum.
=500  \\$aSignatures: A-E².
=510  4\$aESTC,$cT74160
=530  \\$aAlso available on microfilm and in the U.K. Parliamentary Papers database which can be accessed by on-site users.
=655  \7$aBills.$2rbgenr
=700  0\$aGeorge$bIII,$cKing of Great Britain,$d1738-1820,$eformer owner.$5Uk
=700  0\$aGeorge$bIV,$cKing of Great Britain,$d1762-1830,$edonor.$5Uk
=752  \\$aGreat Britain$bEngland$dLondon.
=852  41$aBritish Library$bHMNTS$jB.S.Ref.2/48.(31)
=852  41$aBritish Library$bHMNTS$j216.i.2.(77)
=856  41$uhttps://parlipapers.proquest.com/parlipapers/docview/t70.d75.pb-003030?$yProquest U.K. Parliamentary Papers
=985  \\$aCorrected by MS generated file for WR# 1805-0738
=CAT  \\$a3251$b40$c20171130$lBLL01$h1219
=CAT  \\$a3251$b40$c20171130$lBLL01$h1225
=CAT  \\$a1805-0738$c20190111$lBLL01$h1807
=CAT  \\$a1805-0738$b00$c20190111$lBLL01$h1828
=FIN  \\$aY$d20171130
=FMT  \\$a  BK
=LAS  \\$a1805-0738$b00$c20190111$lBLL01$h1828
=SRC  \\$aESTC

