=LDR  02119 am a2200457   4500
=001  018631719
=003  Uk
=005  20171204123409.0
=008  791208s1776\\\\enk\\\\\\\\\\o000\0\eng\c
=035  \\$a(Uk-ES)006345074
=040  \\$aUk-ES$cUk-ES$dCU-RivES$dCStRLIN$dCU-RivES$dUk-ES$edcrmb
=110  1\$aGreat Britain.$bParliament.
=240  10$aBills. 1776-04-19
=245  13$aAn act for vesting the settled estates of Peter John Heywood, Esquire, in the Isle of Man, called the Nunnery, in trustees to be sold, and for laying out the money arising by such sale in the purchase of lands and hereditaments in that part of Great Britain called England, to be settled in lieu of the said estates in the Isle of Man intended to be sold.
=264  \1$a[London] :$b[s.n.],$c[1776]
=300  \\$a13, [1] pages ;$c33 cm (2º)
=340  \\$m2º
=500  \\$aDocket title dated 1776.
=500  \\$aEnacted: Private Acts, 16 Geo.III.c.114.
=500  \\$aCaption title.
=500  \\$aWoodcut head-piece; woodcut factotum.
=500  \\$aSignatures: A-B² C²(-C2) D².
=510  4\$aESTC,$cT74133
=530  \\$aAlso available on microfilm and in the U.K. Parliamentary Papers database which can be accessed by on-site users.
=650  \0$aTrusts and trustees$vEarly works to 1800.
=655  \7$aBills.$2rbgenr
=700  0\$aGeorge$bIII,$cKing of Great Britain,$d1738-1820,$eformer owner.$5Uk
=700  0\$aGeorge$bIV,$cKing of Great Britain,$d1762-1830,$edonor.$5Uk
=752  \\$aGreat Britain$bEngland$dLondon.
=852  41$aBritish Library$bHMNTS$j216.i.2.(80)
=852  41$aBritish Library$bHMNTS$jB.S.Ref.2/49.(43)
=856  41$uhttps://parlipapers.proquest.com/parlipapers/docview/t70.d75.pb-003095?$yProquest U.K. Parliamentary Papers
=985  \\$aCorrected by MS generated file for WR# 1805-0738
=CAT  \\$a3251$b40$c20171204$lBLL01$h1046
=CAT  \\$a13463$b40$c20171204$lBLL01$h1234
=CAT  \\$a1805-0738$c20190111$lBLL01$h1807
=CAT  \\$a1805-0738$b00$c20190111$lBLL01$h1828
=FIN  \\$aY$d20171204
=FMT  \\$a  BK
=LAS  \\$a1805-0738$b00$c20190111$lBLL01$h1828
=SRC  \\$aESTC

