=LDR  02095 am a2200469   4500
=001  018639463
=003  Uk
=005  20171206101632.0
=008  791208s1776\\\\enk\\\\\\\\\\o000\0\eng\c
=035  \\$a(Uk-ES)006345070
=040  \\$aUk-ES$cUk-ES$dCU-RivES$dCStRLIN$dCU-RivES$dUk-ES$edcrmb
=110  1\$aGreat Britain.$bParliament.
=240  10$aBills. 1776-04-26
=245  13$aAn act for vesting two-sixth parts of the estates late of Stanhope Mason, gentleman, deceased, in England and Ireland, in trustees, to be sold, and for purchasing other estates, to be settled in lieu thereof.
=264  \1$a[London] :$b[s.n.],$c[1776]
=300  \\$a14, [2] pages ;$c33 cm (2º)
=340  \\$m2º
=500  \\$aWith a docket title, dated 1776.
=500  \\$aEnacted: Private Acts, 16 Geo.III.c.101.
=500  \\$aCaption title.
=500  \\$aWoodcut head-piece; woodcut factotum.
=500  \\$aMarginal notes.
=500  \\$aA variant has blank spaces throughout where the names "Edward Leigh" and "John Jellett" should have been printed.
=500  \\$aSignatures: A-D².
=510  4\$aESTC,$cT74129
=530  \\$aAlso available on microfilm and in the U.K. Parliamentary Papers database which can be accessed by on-site users.
=650  \0$aTrusts and trustees$zGreat Britain$vEarly works to 1800.
=655  \7$aBills.$2rbgenr
=700  0\$aGeorge$bIII,$cKing of Great Britain,$d1738-1820,$eformer owner.$5Uk
=700  0\$aGeorge$bIV,$cKing of Great Britain,$d1762-1830,$edonor.$5Uk
=752  \\$aGreat Britain$bEngland$dLondon.
=852  41$aBritish Library$bHMNTS$jB.S.Ref.2/49.(30)
=852  41$aBritish Library$bHMNTS$j216.i.2.(86)
=856  41$uhttps://parlipapers.proquest.com/parlipapers/docview/t70.d75.pb-003082?$yProquest U.K. Parliamentary Papers
=985  \\$aCorrected by MS generated file for WR# 1805-0738
=CAT  \\$a3251$b40$c20171206$lBLL01$h1016
=CAT  \\$a1805-0738$c20190111$lBLL01$h1808
=CAT  \\$a1805-0738$b00$c20190111$lBLL01$h1828
=FIN  \\$aY$d20171206
=FMT  \\$a  BK
=LAS  \\$a1805-0738$b00$c20190111$lBLL01$h1828
=SRC  \\$aESTC

