=LDR  01958 am a2200433   4500
=001  018640675
=003  Uk
=005  20171207152332.0
=008  791208s1776\\\\enk\\\\\\\\\\o000\0\eng\c
=035  \\$a(Uk-ES)006345100
=040  \\$aUk-ES$cUk-ES$dCStRLIN$dUk-ES$edcrmb
=110  1\$aGreat Britain.$bParliament.
=240  10$aBills. 1776-02-28
=245  13$aAn act for vesting part of the estates devised by the will of Sarah Owen spinster, deceased, situate and being in the counties of Salop and Montgomery, in trustees, to be sold, and for laying out the money arising by such sale, in the purchase of other messuages, lands and hereditaments, to be settled in lieu thereof to the like uses.
=264  \1$a[London] :$b[s.n.],$c[1776]
=300  \\$a14, [2] pages ;$c33 cm (2º)
=340  \\$m2º
=500  \\$aDocket title dated 1776.
=500  \\$aEnacted: Private Acts, 16 Geo.III.c.54.
=500  \\$aCaption title.
=500  \\$aWoodcut head-piece; woodcut initial.
=500  \\$aSignatures: A-D².
=510  4\$aESTC,$cT74159
=530  \\$aAlso available on microfilm and in the U.K. Parliamentary Papers database which can be accessed by on-site users.
=655  \7$aBills.$2rbgenr
=700  0\$aGeorge$bIII,$cKing of Great Britain,$d1738-1820,$eformer owner.$5Uk
=700  0\$aGeorge$bIV,$cKing of Great Britain,$d1762-1830,$edonor.$5Uk
=752  \\$aGreat Britain$bEngland$dLondon.
=852  41$aBritish Library$bHMNTS$jB.S.Ref.2/48.(40)
=852  41$aBritish Library$bHMNTS$j216.i.2.(90)
=856  41$uhttps://parlipapers.proquest.com/parlipapers/docview/t70.d75.pb-003039?$yProquest U.K. Parliamentary Papers
=985  \\$aCorrected by MS generated file for WR# 1805-0738
=CAT  \\$a3251$b40$c20171207$lBLL01$h1523
=CAT  \\$a1805-0738$c20190111$lBLL01$h1808
=CAT  \\$a1805-0738$b00$c20190111$lBLL01$h1828
=FIN  \\$aY$d20171207
=FMT  \\$a  BK
=LAS  \\$a1805-0738$b00$c20190111$lBLL01$h1828
=SRC  \\$aESTC

