=LDR  01973 am a2200457   4500
=001  018641716
=003  Uk
=005  20180124100022.0
=008  791208s1776\\\\enk\\\\\\\\\\o000\0\eng\c
=035  \\$a(Uk-ES)006345095
=040  \\$aUk-ES$cUk-ES$dCStRLIN$dUk-ES$edcrmb
=110  1\$aGreat Britain.$bParliament.
=240  10$aBills. 1776-03-12
=245  13$aAn act for vesting a leasehold messuage in Grosvenor Square, in the parish of Saint George Hanover Square, in the county of Middlesex, bequeathed by the will of Edward Rudge Esquire deceased, in trustees, to be sold;$band other purposes therein mentioned.
=264  \1$a[London] :$b[s.n.],$c[1776]
=300  \\$a15, [1] pages ;$c33 cm (2º)
=340  \\$m2º
=500  \\$aDocket title dated 1776.
=500  \\$aEnacted: Private Acts, 16 Geo.III.c.57.
=500  \\$aCaption title.
=500  \\$aWoodcut ornaments; woodcut factotum.
=500  \\$aSignatures: A-D².
=510  4\$aESTC,$cT74154
=530  \\$aAlso available on microfilm and in the U.K. Parliamentary Papers database which can be accessed by on-site users.
=655  \7$aBills.$2rbgenr
=700  0\$aGeorge$bIII,$cKing of Great Britain,$d1738-1820,$eformer owner.$5Uk
=700  0\$aGeorge$bIV,$cKing of Great Britain,$d1762-1830,$edonor.$5Uk
=752  \\$aGreat Britain$bEngland$dLondon.
=852  41$aBritish Library$bHMNTS$j216.i.2.(91)
=852  41$aBritish Library$bHMNTS$jB.S.Ref.2/48.(43)
=856  41$uhttps://parlipapers.proquest.com/parlipapers/docview/t70.d75.pb-003042?$yProquest U.K. Parliamentary Papers
=985  \\$aCorrected by MS generated file for WR# 1805-0738
=CAT  \\$a3251$b40$c20171208$lBLL01$h1009
=CAT  \\$a3251$b40$c20171208$lBLL01$h1015
=CAT  \\$a3251$b40$c20180124$lBLL01$h1000
=CAT  \\$a1805-0738$c20190111$lBLL01$h1808
=CAT  \\$a1805-0738$b00$c20190111$lBLL01$h1828
=FIN  \\$aY$d20171208
=FMT  \\$a  BK
=LAS  \\$a1805-0738$b00$c20190111$lBLL01$h1828
=SRC  \\$aESTC

