=LDR  02133 am a2200445   4500
=001  018641723
=003  Uk
=005  20171208102929.0
=008  791208s1776\\\\enk\\\\\\\\\\o000\0\eng\c
=035  \\$a(Uk-ES)006345037
=040  \\$aUk-ES$cUk-ES$dCStRLIN$dUk-ES$edcrmb
=110  1\$aGreat Britain.$bParliament.
=240  10$aBills. 1776-04-18
=245  13$aAn act for enabling Christopher Sykes, Esquire, to raise money, by way of charge, or mortgage, upon divers lands and grounds, in the parish of Sledmere, in the county of York, part of the settled estates of the said Christopher Sykes, on the improvement intended to be made by him thereof;$band for limiting a rent charge thereout to Elizabeth Sykes his wife, in lieu of her life estate in part of the same lands and grounds; and for other purposes therein mentioned.
=264  \1$a[London] :$b[s.n.],$c[1776]
=300  \\$a16 pages ;$c33 cm (2º)
=340  \\$m2º
=500  \\$aDocket title dated 1776.
=500  \\$aEnacted: Private Acts, 16 Geo.III.c.62.
=500  \\$aCaption title.
=500  \\$aWoodcut head-piece; woodcut factotum.
=500  \\$aSignatures: A-D².
=510  4\$aESTC,$cT74096
=530  \\$aAlso available on microfilm and in the U.K. Parliamentary Papers database which can be accessed by on-site users.
=655  \7$aBills.$2rbgenr
=700  0\$aGeorge$bIII,$cKing of Great Britain,$d1738-1820,$eformer owner.$5Uk
=700  0\$aGeorge$bIV,$cKing of Great Britain,$d1762-1830,$edonor.$5Uk
=752  \\$aGreat Britain$bEngland$dLondon.
=852  41$aBritish Library$bHMNTS$jB.S.Ref.2/48.(48)
=852  41$aBritish Library$bHMNTS$j216.i.2.(92)
=856  41$uhttps://parlipapers.proquest.com/parlipapers/docview/t70.d75.pb-003047?$yProquest U.K. Parliamentary Papers
=985  \\$aCorrected by MS generated file for WR# 1805-0738
=CAT  \\$a3251$b40$c20171208$lBLL01$h1026
=CAT  \\$a3251$b40$c20171208$lBLL01$h1029
=CAT  \\$a1805-0738$c20190111$lBLL01$h1808
=CAT  \\$a1805-0738$b00$c20190111$lBLL01$h1828
=FIN  \\$aY$d20171208
=FMT  \\$a  BK
=LAS  \\$a1805-0738$b00$c20190111$lBLL01$h1828
=SRC  \\$aESTC

