=LDR  02250 am a2200493   4500
=001  018643800
=003  Uk
=005  20171211130027.0
=008  791208s1776\\\\enk\\\\\\\\\\o000\0\eng\c
=015  \\$aGBB7N6299$2bnb
=035  \\$a(Uk-ES)006345072
=040  \\$aUk-ES$cUk-ES$dCStRLIN$dUk-ES$edcrmb
=110  1\$aGreat Britain.$bParliament.
=240  10$aBills. 1776-04-25
=245  13$aAn act for vesting several estates, late of Samuel Shepheard, of Exning, in the county of Suffolk, Esquire, deceased, in trustees to be sold, and for purchasing other estates to be conveyed to the like uses, and for other purposes therein mentioned.
=264  \1$a[London] :$b[s.n.],$c[1776]
=300  \\$a26, [2] pages ;$c33 cm (2º)
=340  \\$m2º
=500  \\$aCaption title.
=500  \\$aDocket title dated 1776.
=500  \\$aWoodcut head-piece; woodcut initial; woodcut ornament.
=500  \\$aFinal leaf (containing the docket title) in two states: 1) Final line of docket title ending in "mentioned."; 2) Final line of docket title ending in "tioned."
=500  \\$aEnacted: Private Acts, 16 Geo.III.c.102.
=500  \\$aMarginal notes.
=500  \\$aSignatures: A-G².
=510  4\$aESTC,$cT74131
=530  \\$aAlso available on microfilm and in the U.K. Parliamentary Papers database which can be accessed by on-site users.
=650  \0$aTrusts and trustees$zGreat Britain$vEarly works to 1800.
=655  \7$aBills.$2rbgenr
=700  0\$aGeorge$bIII,$cKing of Great Britain,$d1738-1820,$eformer owner.$5Uk
=700  0\$aGeorge$bIV,$cKing of Great Britain,$d1762-1830,$edonor.$5Uk
=752  \\$aGreat Britain$bEngland$dLondon.
=852  41$aBritish Library$bHMNTS$jB.S.Ref.2/49.(31)
=852  41$aBritish Library$bHMNTS$j216.i.2.(93)
=856  41$uhttps://parlipapers.proquest.com/parlipapers/docview/t70.d75.pb-003083?$yProquest U.K. Parliamentary Papers
=985  \\$aCorrected by MS generated file for WR# 1805-0738
=CAT  \\$a3251$b40$c20171211$lBLL01$h1254
=CAT  \\$a3251$b40$c20171211$lBLL01$h1300
=CAT  \\$a1805-0738$c20190111$lBLL01$h1808
=CAT  \\$a1805-0738$b00$c20190111$lBLL01$h1828
=FIN  \\$aY$d20171211
=FMT  \\$a  BK
=LAS  \\$a1805-0738$b00$c20190111$lBLL01$h1828
=SRC  \\$aESTC

