=LDR  01774 am a2200433   4500
=001  018644723
=003  Uk
=005  20171212133652.0
=008  791208s1776\\\\enk\\\\\\\\\\o000\0\eng\c
=035  \\$a(Uk-ES)006345106
=040  \\$aUk-ES$cUk-ES$dCStRLIN$dUk-ES$edcrmb
=110  1\$aGreat Britain.$bParliament.
=240  10$aBills. 1775-11-24
=245  13$aAn act to dissolve the marriage of Thomas Williams with Ann Lantware, his now wife, and to enable him to marry again;$band for other purposes therein mentioned.
=264  \1$a[London] :$b[s.n.],$c[1775]
=300  \\$a4 pages ;$c33 cm (2º)
=340  \\$m2º
=500  \\$aDocket title dated 1775.
=500  \\$aEnacted: Private Acts, 16 Geo.III.c.86.
=500  \\$aCaption title.
=500  \\$aWoodcut ornaments; woodcut factotum.
=500  \\$aSignatures: A².
=510  4\$aESTC,$cT74165
=530  \\$aAlso available on microfilm and in the U.K. Parliamentary Papers database which can be accessed by on-site users.
=655  \7$aBills.$2rbgenr
=700  0\$aGeorge$bIII,$cKing of Great Britain,$d1738-1820,$eformer owner.$5Uk
=700  0\$aGeorge$bIV,$cKing of Great Britain,$d1762-1830,$edonor.$5Uk
=752  \\$aGreat Britain$bEngland$dLondon.
=852  41$aBritish Library$bHMNTS$jB.S.Ref.2/49.(20)
=852  41$aBritish Library$bHMNTS$j216.i.2.(98)
=856  41$uhttps://parlipapers.proquest.com/parlipapers/docview/t70.d75.pb-003072?$yProquest U.K. Parliamentary Papers
=985  \\$aCorrected by MS generated file for WR# 1805-0738
=CAT  \\$a3251$b40$c20171212$lBLL01$h1336
=CAT  \\$a1805-0738$c20190111$lBLL01$h1808
=CAT  \\$a1805-0738$b00$c20190111$lBLL01$h1828
=FIN  \\$aY$d20171212
=FMT  \\$a  BK
=LAS  \\$a1805-0738$b00$c20190111$lBLL01$h1828
=SRC  \\$aESTC

