=LDR  02193 am a2200445   4500
=001  018647155
=003  Uk
=005  20171213100631.0
=008  791208s1776\\\\enk\\\\\\\\\\o000\0\eng\c
=035  \\$a(Uk-ES)006345091
=040  \\$aUk-ES$cUk-ES$dCStRLIN$dUk-ES$edcrmb
=110  1\$aGreat Britain.$bParliament.
=240  10$aBills. 1776-03-19
=245  13$aAn act for discharging part of the estate of Nicholas Wrigglesworth and Ayscoghe Wrigglesworth, his eldest son, from the payment of a yearly sum of thirty-five pounds, given by Sir Edward Barkham, long since deceased, to charitable uses, and of and from other incumbrances;$band for charging the same respectively upon a competent part of the estates of the said Nicholas Wrigglesworth and his son; and for vesting the residue thereof in trustees, to be sold for the payment of debts, and other the purposes therein mentioned.
=264  \1$a[London] :$b[s.n.],$c[1776]
=300  \\$a27, [1] pages ;$c33 cm (2º)
=340  \\$m2º
=500  \\$aWith a docket title.
=500  \\$aEnacted: Private Acts, 16 Geo.III.c.55.
=500  \\$aCaption title.
=500  \\$aWoodcut head-piece; woodcut factotum.
=500  \\$aSignatures: A-G².
=510  4\$aESTC,$cT74150
=530  \\$aAlso available on microfilm and in the U.K. Parliamentary Papers database which can be accessed by on-site users.
=655  \7$aBills.$2rbgenr
=700  0\$aGeorge$bIII,$cKing of Great Britain,$d1738-1820,$eformer owner.$5Uk
=700  0\$aGeorge$bIV,$cKing of Great Britain,$d1762-1830,$edonor.$5Uk
=752  \\$aGreat Britain$bEngland$dLondon.
=852  41$aBritish Library$bHMNTS$jB.S.Ref.2/48.(41)
=852  41$aBritish Library$bHMNTS$j216.i.2.(99)
=856  41$uhttps://parlipapers.proquest.com/parlipapers/docview/t70.d75.pb-003040?$yProquest U.K. Parliamentary Papers
=985  \\$aCorrected by MS generated file for WR# 1805-0738
=CAT  \\$a3251$b40$c20171213$lBLL01$h1003
=CAT  \\$a3251$b40$c20171213$lBLL01$h1006
=CAT  \\$a1805-0738$c20190111$lBLL01$h1808
=CAT  \\$a1805-0738$b00$c20190111$lBLL01$h1828
=FIN  \\$aY$d20171213
=FMT  \\$a  BK
=LAS  \\$a1805-0738$b00$c20190111$lBLL01$h1828
=SRC  \\$aESTC

