=LDR  01671 am a2200385   4500
=001  019709977
=003  Uk
=005  20200211151108.0
=008  791208s1764\\\\enk\\\\\\\\\\o000\0\eng\c
=035  \\$a(Uk-ES)006339449
=040  \\$aUk-ES$cUk-ES$dCU-RivES$dCStRLIN$dCU-RivES$dUk-ES$edcrmb
=110  1\$aGreat Britain.$bParliament.
=240  10$aBills. 1764-02-17
=245  13$aAn act for confirming articles of agreement for inclosing and dividing several open fields, and several pieces or parcels of arable, meadow and pasture ground within the township of Skipsea, in the county of York.
=264  \1$a[London] :$b[s.n.],$c[1764]
=300  \\$a21, [1] p. ;$c33 cm (2⁰)
=500  \\$aWith a docket title.
=500  \\$aEnacted: Private Acts, 4 Geo.III.c.17.
=500  \\$aCaption title.
=500  \\$aPrinter's ornaments; woodcut factotum.
=500  \\$aSignatures: A-D² E²(-E2) F².
=510  4\$aESTC,$cT68376
=530  \\$aAlso available on microfilm and in the U.K. Parliamentary Papers database which can be accessed by on-site users.
=655  \7$aBills.$2rbgenr
=700  0\$aGeorge$bIII,$cKing of Great Britain,$d1738-1820,$eformer owner.$5Uk
=700  0\$aGeorge$bIV,$cKing of Great Britain,$d1762-1830,$edonor.$5Uk
=752  \\$aGreat Britain$bEngland$dLondon.
=852  41$aBritish Library$bHMNTS$jB.S.Ref.2/25.(14)
=852  41$aBritish Library$bHMNTS$j214.i.3.(41)
=856  41$uhttps://parlipapers.proquest.com/parlipapers/docview/t70.d75.pb-001867?$yProquest U.K. Parliamentary Papers
=CAT  \\$a3251$b40$c20200211$lBLL01$h1511
=FIN  \\$aY$d20200211
=FMT  \\$a  BK
=LAS  \\$a3251$b40$c20200211$lBLL01$h1511
=SRC  \\$aESTC

