=LDR  01681 am a2200397   4500
=001  019710024
=003  Uk
=005  20200211154726.0
=008  791208s1764\\\\enk\\\\\\\\\\o000\0\eng\c
=035  \\$a(Uk-ES)006344760
=040  \\$aUk-ES$cUk-ES$dCU-RivES$dCStRLIN$dCU-RivES$dUk-ES$edcrmb
=110  1\$aGreat Britain.$bParliament.
=240  10$aBills. 1764-02-21
=245  13$aAn act to enable the warden and fellows of the College of Christ in Manchester, in the county palatine of Lancaster, for the time being, to grant leases of the glebe belonging to the said college.
=264  \1$a[London] :$b[s.n.],$c[1764]
=300  \\$a4 p. ;$c33 cm (2⁰)
=500  \\$aWith a docket title.
=500  \\$aEnacted: Private Acts, 4 Geo.III.c.73.
=500  \\$aCaption title.
=500  \\$aWoodcut head-piece; woodcut actotum.
=500  \\$aSignatures: [A]².
=510  4\$aESTC,$cT73805
=530  \\$aAlso available on microfilm and in the U.K. Parliamentary Papers database which can be accessed by on-site users.
=655  \7$aBills.$2rbgenr
=700  0\$aGeorge$bIII,$cKing of Great Britain,$d1738-1820,$eformer owner.$5Uk
=700  0\$aGeorge$bIV,$cKing of Great Britain,$d1762-1830,$edonor.$5Uk
=752  \\$aGreat Britain$bEngland$dLondon.
=852  41$aBritish Library$bHMNTS$jB.S.Ref.2/26.(13)
=852  41$aBritish Library$bHMNTS$j214.i.3.(42)
=856  41$uhttps://parlipapers.proquest.com/parlipapers/docview/t70.d75.pb-001841?$yProquest U.K. Parliamentary Papers
=CAT  \\$a3251$b40$c20200211$lBLL01$h1545
=CAT  \\$a3251$b40$c20200211$lBLL01$h1547
=FIN  \\$aY$d20200211
=FMT  \\$a  BK
=LAS  \\$a3251$b40$c20200211$lBLL01$h1547
=SRC  \\$aESTC

