=LDR  02269 am a2200397   4500
=001  019711927
=003  Uk
=005  20200212093807.0
=008  791123s1764\\\\enk\\\\\\\\\\o000\0\eng\c
=035  \\$a(Uk-ES)006341833
=040  \\$aUk-ES$cUk-ES$dCStRLIN$dUk-ES$edcrmb
=110  1\$aGreat Britain.$bParliament.
=240  10$aBills. 1764-03-05
=245  13$aAn act to empower the guardians of George Earl of Egremont, an infant, to enfranchise certain customary lands and hereditaments in the county of Cumberland, part of the settled estates of the said Earl; and also to impower the guardians of the said Earl and his infant brothers to make leases of part of the said estate in the county of Cumberland, and to make leases and copyhold grants of the several estates limited and devised to them respectively by Charles Earl of Egremont, their late father, deceased; and for other the purposes therein mentioned.
=264  \1$a[London] :$b[s.n.],$c[1764]
=300  \\$a18 p. ;$c33 cm (2⁰)
=500  \\$aCaption title.
=500  \\$aDocket title dated 1764.
=500  \\$aEnacted: Private Acts. 4 Geo.III.c.69.
=500  \\$aHeadpiece of printers' ornaments with two inner rows of lozenges and a central design of four arabesques. A variant has headpiece with top and bottom rows of vine leaves and four inner rows of arabesques. Both have a factotum initial composed of printers' ornaments.
=500  \\$aSignatures: A-D² [chi]1.
=510  4\$aESTC,$cT70808
=530  \\$aAlso available on microfilm and in the U.K. Parliamentary Papers database which can be accessed by on-site users.
=655  \7$aBills.$2rbgenr
=700  0\$aGeorge$bIII,$cKing of Great Britain,$d1738-1820,$eformer owner.$5Uk
=700  0\$aGeorge$bIV,$cKing of Great Britain,$d1762-1830,$edonor.$5Uk
=752  \\$aGreat Britain$bEngland$dLondon.
=852  41$aBritish Library$bHMNTS$jB.S.302/65.(69)
=852  41$aBritish Library$bHMNTS$j214.i.3.(30)
=852  41$aBritish Library$bHMNTS$jB.S.Ref.2/26.(9)
=856  41$uhttps://parlipapers.proquest.com/parlipapers/docview/t70.d75.pb-001837?$yProquest U.K. Parliamentary Papers
=CAT  \\$a3251$b40$c20200212$lBLL01$h0938
=FIN  \\$aY$d20200212
=FMT  \\$a  BK
=LAS  \\$a3251$b40$c20200212$lBLL01$h0938
=SRC  \\$aESTC

