=LDR  01683 am a2200397   4500
=001  019711942
=003  Uk
=005  20200212095635.0
=008  791208s1764\\\\enk\\\\\\\\\\o000\0\eng\c
=035  \\$a(Uk-ES)006339464
=040  \\$aUk-ES$cUk-ES$dCStRLIN$dUk-ES$edcrmb
=110  1\$aGreat Britain.$bParliament.
=240  10$aBills. 1764-01-31
=245  13$aAn act for dividing and inclosing the several open and common fields and ings within the township and parish of Houghton in the Marsh, otherwise Holton in the Clay, in the county of Lincoln.
=264  \1$a[London] :$b[s.n.],$c[1764]
=300  \\$a19, [1] p. ;$c33 cm (2⁰)
=500  \\$aWith a docket title.
=500  \\$aEnacted: Private Acts, 4 Geo.III.c.40.
=500  \\$aCaption title.
=500  \\$aWoodcut head-piece; woodcut factotum.
=500  \\$aSignatures: A-E².
=510  4\$aESTC,$cT68391
=530  \\$aAlso available on microfilm and in the U.K. Parliamentary Papers database which can be accessed by on-site users.
=650  \0$aCommons$zEngland$zLincolnshire$vEarly works to 1800.
=655  \7$aBills.$2rbgenr
=700  0\$aGeorge$bIII,$cKing of Great Britain,$d1738-1820,$eformer owner.$5Uk
=700  0\$aGeorge$bIV,$cKing of Great Britain,$d1762-1830,$edonor.$5Uk
=752  \\$aGreat Britain$bEngland$dLondon.
=852  41$aBritish Library$bHMNTS$jB.S.Ref.2/25.(33)
=852  41$aBritish Library$bHMNTS$j214.i.3.(43)
=856  41$uhttps://parlipapers.proquest.com/parlipapers/docview/t70.d75.pb-001886?$yProquest U.K. Parliamentary Papers
=CAT  \\$a3251$b40$c20200212$lBLL01$h0956
=FIN  \\$aY$d20200212
=FMT  \\$a  BK
=LAS  \\$a3251$b40$c20200212$lBLL01$h0956
=SRC  \\$aESTC

