=LDR  02145 am a2200385   4500
=001  019712305
=003  Uk
=005  20200212153101.0
=008  800305s1764\\\\enk\\\\\\\\\\o000\0\eng\c
=035  \\$a(Uk-ES)006367156
=040  \\$aUk-ES$cUk-ES$dCU-RivES$dCStRLIN$dCU-RivES$dUk-ES$edcrmb
=110  1\$aGreat Britain.$bParliament.
=240  10$aBills. 1764-01-28
=245  13$aAn act for enlarging the time given to trustees therein named to execute certain trusts vested in them in and by an act of Parliament, made in the sixteenth year of the reign of his late Majesty, intituled, an act for vesting the remainder in fee of several lands in Ireland the estate of Arthur Plunkett, Esquire, in trustees, in order to sell such lands to protestant purchasers;$band also by another act of parliament, made in the thirty-second year of the reign of his said late Majesty, intituled, an act for giving further time to trustees therein named to execute certain trusts vested in them and by the said act of parliament, made in the said sixteenth year of the reign of his said late majesty.
=264  \1$a[London] :$b[s.n.].$c[1764]
=300  \\$a8 p. ;$c33 cm (2⁰)
=500  \\$aWith a docket title.
=500  \\$aEnacted: Private Acts, 4 Geo.III.c.75.
=500  \\$aCaption title.
=500  \\$aPrinters' ornaments; woodcut factotum.
=500  \\$aSignatures: A-B².
=510  4\$aESTC,$cT97314
=530  \\$aAlso available on microfilm and in the U.K. Parliamentary Papers database which can be accessed by on-site users.
=655  \7$aBills.$2rbgenr
=700  0\$aGeorge$bIII,$cKing of Great Britain,$d1738-1820,$eformer owner.$5Uk
=700  0\$aGeorge$bIV,$cKing of Great Britain,$d1762-1830,$edonor.$5Uk
=752  \\$aGreat Britain$bEngland$dLondon.
=852  41$aBritish Library$bHMNTS$jB.S.Ref.2/26.(15)
=852  41$aBritish Library$bHMNTS$j214.i.3.(44)
=856  41$uhttps://parlipapers.proquest.com/parlipapers/docview/t70.d75.pb-001843?$yProquest U.K. Parliamentary Papers
=CAT  \\$a3251$b40$c20200212$lBLL01$h1531
=FIN  \\$aY$d20200212
=FMT  \\$a  BK
=LAS  \\$a3251$b40$c20200212$lBLL01$h1531
=SRC  \\$aESTC

