=LDR  01651 am a2200385   4500
=001  019712312
=003  Uk
=005  20200212154602.0
=008  800305s1764\\\\enk\\\\\\\\\\o000\0\eng\c
=035  \\$a(Uk-ES)006367155
=040  \\$aUk-ES$cUk-ES$dCStRLIN$dUk-ES$edcrmb
=110  1\$aGreat Britain.$bParliament.
=240  10$aBills. 1764-03-14
=245  13$aAn act for divesting out of the Crown, and to vest in Gerald Fitz-Gerald of Rathrone, in the county of Meath, in the kingdom of Ireland, Esquire, and his heirs, the reversion in fee of and in several lands in Ireland.
=264  \1$a[London] :$b[s.n.],$c[1764]
=300  \\$a7, [1] p. ;$c33 cm (2⁰)
=500  \\$aCaption title.
=500  \\$aWith a docket title dated 1764.
=500  \\$aEnacted: Private Acts, 4 Geo.III.c.77.
=500  \\$aWoodcut head-piece; woodcut factotum.
=500  \\$aSignatures: A-B².
=510  4\$aESTC,$cT97313
=530  \\$aAlso available on microfilm and in the U.K. Parliamentary Papers database which can be accessed by on-site users.
=655  \7$aBills.$2rbgenr
=700  0\$aGeorge$bIII,$cKing of Great Britain,$d1738-1820,$eformer owner.$5Uk
=700  0\$aGeorge$bIV,$cKing of Great Britain,$d1762-1830,$edonor.$5Uk
=752  \\$aGreat Britain$bEngland$dLondon.
=852  41$aBritish Library$bHMNTS$jB.S.Ref.2/26.(17)
=852  41$aBritish Library$bHMNTS$j214.i.3.(45)
=856  41$uhttps://parlipapers.proquest.com/parlipapers/docview/t70.d75.pb-001845?$yProquest U.K. Parliamentary Papers
=CAT  \\$a3251$b40$c20200212$lBLL01$h1546
=FIN  \\$aY$d20200212
=FMT  \\$a  BK
=LAS  \\$a3251$b40$c20200212$lBLL01$h1546
=SRC  \\$aESTC

