=LDR  01713 am a2200409   4500
=001  019713137
=003  Uk
=005  20200213120819.0
=008  791208s1763\\\\enk\\\\\\\\\\o000\0\eng\c
=035  \\$a(Uk-ES)006339430
=040  \\$aUk-ES$cUk-ES$dCStRLIN$dUk-ES$edcrmb
=110  1\$aGreat Britain.$bParliament.
=240  10$aBills. 1763-12-01
=245  13$aAn act for dividing and inclosing the open common fields, common meadows, and other commonable lands in the parish of Heckington, in the county of Lincoln.
=264  \1$a[London] :$b[s.n.],$c[1763]
=300  \\$a16 p. ;$c33 cm (2⁰)
=500  \\$aWith a docket title.
=500  \\$aEnacted: Private Acts, 4 Geo.III.c.1.
=500  \\$aCaption title.
=500  \\$aWoodcut head-piece; woodcut factotum.
=500  \\$aSignatures: A-D².
=510  4\$aESTC,$cT68357
=530  \\$aAlso available on microfilm and in the U.K. Parliamentary Papers database which can be accessed by on-site users.
=650  \0$aCommons$zEngland$zLincolnshire$vEarly works to 1800.
=650  \0$aInclosures$zEngland$zLincolnshire$vEarly works to 1800.
=655  \7$aBills.$2rbgenr
=700  0\$aGeorge$bIII,$cKing of Great Britain,$d1738-1820,$eformer owner.$5Uk
=700  0\$aGeorge$bIV,$cKing of Great Britain,$d1762-1830,$edonor.$5Uk
=752  \\$aGreat Britain$bEngland$dLondon.
=852  41$aBritish Library$bHMNTS$j214.i.3.(49)
=852  41$aBritish Library$bHMNTS$jB.S.Ref.2/25.(1)
=856  41$uhttps://parlipapers.proquest.com/parlipapers/docview/t70.d75.pb-001854?$yProquest U.K. Parliamentary Papers
=CAT  \\$a3251$b40$c20200213$lBLL01$h1208
=FIN  \\$aY$d20200213
=FMT  \\$a  BK
=LAS  \\$a3251$b40$c20200213$lBLL01$h1208
=SRC  \\$aESTC

