=LDR  01715 am a2200385   4500
=001  019716664
=003  Uk
=005  20200218101655.0
=008  791208s1764\\\\enk\\\\\\\\\\o000\0\eng\c
=035  \\$a(Uk-ES)006339450
=040  \\$aUk-ES$cUk-ES$dCU-RivES$dCStRLIN$dUk-ES$edcrmb
=110  1\$aGreat Britain.$bParliament.
=240  10$aPrivate Acts. 1764. 4 Geo.III.c.45
=245  10$aAnno quarto Georgii III. Regis. An act for dividing and inclosing a certain moor or common, in the township of Crook and Billyrow, within the parish of Brancepeth, in the county palatine of Durham.
=264  \1$a[London] :$b[s.n.],$c[1764]
=300  \\$a25, [3] p. ;$c33 cm (2⁰)
=500  \\$aWith a docket title.
=500  \\$aEnacted: Private Acts, 4 Geo.III.c.45.
=500  \\$aCaption title.
=500  \\$aWoodcut head-piece; woodcut factotum; woodcut tail-piece.
=500  \\$aSignatures: A-F² [G]².
=510  4\$aESTC,$cT68377
=530  \\$aAlso available on microfilm and in the U.K. Parliamentary Papers database which can be accessed by on-site users.
=650  \0$aCommons$zEngland$zDurham (County)$vEarly works to 1800.
=700  0\$aGeorge$bIII,$cKing of Great Britain,$d1738-1820,$eformer owner.$5Uk
=700  0\$aGeorge$bIV,$cKing of Great Britain,$d1762-1830,$edonor.$5Uk
=752  \\$aGreat Britain$bEngland$dLondon.
=852  41$aBritish Library$bHMNTS$jB.S.Ref.2/25.(39)
=852  41$aBritish Library$bHMNTS$j214.i.3.(50)
=856  41$uhttps://parlipapers.proquest.com/parlipapers/docview/t70.d75.pb-001892?$yProquest U.K. Parliamentary Papers
=CAT  \\$a3251$b40$c20200218$lBLL01$h1016
=FIN  \\$aY$d20200218
=FMT  \\$a  BK
=LAS  \\$a3251$b40$c20200218$lBLL01$h1016
=SRC  \\$aESTC

