=LDR  01678 am a2200397   4500
=001  019716682
=003  Uk
=005  20200218104348.0
=008  791208s1764\\\\enk\\\\\\\\\\o000\0\eng\c
=035  \\$a(Uk-ES)006339458
=040  \\$aUk-ES$cUk-ES$dCStRLIN$dUk-ES$edcrmb
=110  1\$aGreat Britain.$bParliament.
=240  10$aBills. 1764-02-09
=245  13$aAn act for inclosing and dividing the common fields, common pastures, common grounds, and waste-grounds, in the parish of Ledgers-Ashby, in the county of Northampton.
=264  \1$a[London] :$b[s.n.],$c[1764]
=300  \\$a17, [1] p. ;$c33 cm (2⁰)
=500  \\$aWith a docket title.
=500  \\$aEnacted: Private Acts, 4 Geo.III.c.44.
=500  \\$aCaption title.
=500  \\$aPrinters's ornaments; woodcut factotum.
=500  \\$aSignatures: A-C² D²(-D2) E².
=510  4\$aESTC,$cT68385
=530  \\$aAlso available on microfilm and in the U.K. Parliamentary Papers database which can be accessed by on-site users.
=650  \0$aCommons$zEngland$zNorthamptonshire$vEarly works to 1800.
=655  \7$aBills.$2rbgenr
=700  0\$aGeorge$bIII,$cKing of Great Britain,$d1738-1820,$eformer owner.$5Uk
=700  0\$aGeorge$bIV,$cKing of Great Britain,$d1762-1830,$edonor.$5Uk
=752  \\$aGreat Britain$bEngland$dLondon.
=852  41$aBritish Library$bHMNTS$jB.S.Ref.2/25.(38)
=852  41$aBritish Library$bHMNTS$j214.i.3.(60)
=856  41$uhttps://parlipapers.proquest.com/parlipapers/docview/t70.d75.pb-001891?$yProquest U.K. Parliamentary Papers
=CAT  \\$a3251$b40$c20200218$lBLL01$h1043
=FIN  \\$aY$d20200218
=FMT  \\$a  BK
=LAS  \\$a3251$b40$c20200218$lBLL01$h1043
=SRC  \\$aESTC

