=LDR  01741 am a2200385   4500
=001  019716700
=003  Uk
=005  20200218105930.0
=008  791208s1764\\\\enk\\\\\\\\\\o000\0\eng\c
=035  \\$a(Uk-ES)006344762
=040  \\$aUk-ES$cUk-ES$dCStRLIN$dUk-ES$edcrmb
=110  1\$aGreat Britain.$bParliament.
=240  10$aBills. 1764-02-09
=245  13$aAn act for divesting out of the Crown the reversion in fee of certain lands in Ireland, late the estate of Mathew Dowdall, a papist, deceased (expectant upon the death of his three grandsons without issue male); and for vesting the same in Anthony Ladeveze, of the city of Dublin, Esquire (a protestant) and his heirs.
=264  \1$a[London] :$b[s.n.],$c[1764]
=300  \\$a7, [1] p. ;$c33 cm (2⁰)
=500  \\$aWith a docket title.
=500  \\$aEnacted: Private Acts, 4 Geo.III.c.76.
=500  \\$aCaption title.
=500  \\$aWoodcut head-piece; woodcut factotum.
=500  \\$aSignatures: A-B².
=510  4\$aESTC,$cT73807
=530  \\$aAlso available on microfilm and in the U.K. Parliamentary Papers database which can be accessed by on-site users.
=655  \7$aBills.$2rbgenr
=700  0\$aGeorge$bIII,$cKing of Great Britain,$d1738-1820,$eformer owner.$5Uk
=700  0\$aGeorge$bIV,$cKing of Great Britain,$d1762-1830,$edonor.$5Uk
=752  \\$aGreat Britain$bEngland$dLondon.
=852  41$aBritish Library$bHMNTS$jB.S.Ref.2/26.(16)
=852  41$aBritish Library$bHMNTS$j214.i.3.(61)
=856  41$uhttps://parlipapers.proquest.com/parlipapers/docview/t70.d75.pb-001844?$yProquest U.K. Parliamentary Papers
=CAT  \\$a3251$b40$c20200218$lBLL01$h1059
=FIN  \\$aY$d20200218
=FMT  \\$a  BK
=LAS  \\$a3251$b40$c20200218$lBLL01$h1059
=SRC  \\$aESTC

