=LDR  01736 am a2200385   4500
=001  019716711
=003  Uk
=005  20200218111504.0
=008  791208s1764\\\\enk\\\\\\\\\\o000\0\eng\c
=035  \\$a(Uk-ES)006339461
=040  \\$aUk-ES$cUk-ES$dCStRLIN$dUk-ES$edcrmb
=110  1\$aGreat Britain.$bParliament.
=240  10$aBills. 1764-02-08
=245  13$aAn act for dividing, allotting, and inclosing the open fields and pasture ground in the lordship of Aldbrough, in Holderness, in the county of York.
=264  \1$a[London] :$b[s.n.],$c[1764]
=300  \\$a18 p. ;$c33 cm (2⁰)
=500  \\$aDocket title: 'An act for dividing, alloting [sic], and inclosing the open fields and pasture ground on the lordship pf Aldbrough, in Holderness, in the county of York.', dated 1764.
=500  \\$aEnacted: Private Acts, 4 Geo.III.c.39.
=500  \\$aCaption title.
=500  \\$aWoodcut head-piece; woodcut factotum.
=500  \\$aSignatures: A-D² [chi]1.
=510  4\$aESTC,$cT68388
=530  \\$aAlso available on microfilm and in the U.K. Parliamentary Papers database which can be accessed by on-site users.
=655  \7$aBills.$2rbgenr
=700  0\$aGeorge$bIII,$cKing of Great Britain,$d1738-1820,$eformer owner.$5Uk
=700  0\$aGeorge$bIV,$cKing of Great Britain,$d1762-1830,$edonor.$5Uk
=752  \\$aGreat Britain$bEngland$dLondon.
=852  41$aBritish Library$bHMNTS$jB.S.Ref.2/25.(32)
=852  41$aBritish Library$bHMNTS$j214.i.3.(62)
=856  41$uhttps://parlipapers.proquest.com/parlipapers/docview/t70.d75.pb-001885?$yProquest U.K. Parliamentary Papers
=CAT  \\$a3251$b40$c20200218$lBLL01$h1115
=FIN  \\$aY$d20200218
=FMT  \\$a  BK
=LAS  \\$a3251$b40$c20200218$lBLL01$h1115
=SRC  \\$aESTC

