=LDR  01804 am a2200397   4500
=001  019716757
=003  Uk
=005  20200218122341.0
=008  791208s1764\\\\enk\\\\\\\\\\o000\0\eng\c
=035  \\$a(Uk-ES)006339448
=040  \\$aUk-ES$cUk-ES$dCStRLIN$dUk-ES$edcrmb
=110  1\$aGreat Britain.$bParliament.
=240  10$aBills. 1764-02-17
=245  13$aAn act for dividing and inclosing the open fields and commonable places in the parish of Stoney Stanton, in the county of Leicester, and the lands, meadows, and commonable places, in the lordship of Potters Marston in the said county, belonging to and used with the said fields of Stoney Stanton.
=264  \1$a[London] :$b[s.n.],$c[1764]
=300  \\$a21, [1] p. ;$c33 cm (2⁰)
=500  \\$aWith a docket title.
=500  \\$aEnacted: Private Acts, 4 Geo.III.c.38.
=500  \\$aCaption title.
=500  \\$aPrinters' ornaments; woodcut factotum.
=500  \\$aSignatures: A-D² E²(-E2) F².
=510  4\$aESTC,$cT68375
=530  \\$aAlso available on microfilm and in the U.K. Parliamentary Papers database which can be accessed by on-site users.
=650  \0$aCommons$zEngland$zLeicestershire$vEarly works to 1800.
=655  \7$aBills$2rbgenr
=700  0\$aGeorge$bIII,$cKing of Great Britain,$d1738-1820,$eformer owner.$5Uk
=700  0\$aGeorge$bIV,$cKing of Great Britain,$d1762-1830,$edonor.$5Uk
=752  \\$aGreat Britain$bEngland$dLondon.
=852  41$aBritish Library$bHMNTS$j214.i.3.(51)
=852  41$aBritish Library$bHMNTS$jB.S.Ref.2/25.(31)
=856  41$uhttps://parlipapers.proquest.com/parlipapers/docview/t70.d75.pb-001884?$yProquest U.K. Parliamentary Papers
=CAT  \\$a3251$b40$c20200218$lBLL01$h1223
=FIN  \\$aY$d20200218
=FMT  \\$a  BK
=LAS  \\$a3251$b40$c20200218$lBLL01$h1223
=SRC  \\$aESTC

