=LDR  01647 am a2200397   4500
=001  019734266
=003  Uk
=005  20200303123319.0
=008  791208s1764\\\\enk\\\\\\\\\\o000\0\eng\c
=035  \\$a(Uk-ES)006339457
=040  \\$aUk-ES$cUk-ES$dCStRLIN$dUk-ES$edcrmb
=110  1\$aGreat Britain.$bParliament.
=240  10$aBills. 1764-02-09
=245  13$aAn act for extinguishing the right of common in, over, and upon certain commonable lands and grounds within the manor and parish of Bromley, in the county of Kent.
=264  \1$a[London] :$b[s.n.],$c[1764]
=300  \\$a6, [2] p. ;$c33 cm (2⁰)
=500  \\$aWith a docket title.
=500  \\$aEnacted: Private Acts, 4 Geo.III.c.19.
=500  \\$aCaption title.
=500  \\$aWoodcut head-piece; woodcut factotum.
=500  \\$aSignatures: A-B².
=510  4\$aESTC,$cT68384
=530  \\$aAlso available on microfilm and in the U.K. Parliamentary Papers database which can be accessed by on-site users.
=650  \0$aCommons$zEngland$zKent$vEarly works to 1800.
=655  \7$aBills.$2rbgenr
=700  0\$aGeorge$bIII,$cKing of Great Britain,$d1738-1820,$eformer owner.$5Uk
=700  0\$aGeorge$bIV,$cKing of Great Britain,$d1762-1830,$edonor.$5Uk
=752  \\$aGreat Britain$bEngland$dLondon.
=852  41$aBritish Library$bHMNTS$j214.i.3.(58)
=852  41$aBritish Library$bHMNTS$jB.S.Ref.2/25.(16)
=856  41$uhttps://parlipapers.proquest.com/parlipapers/docview/t70.d75.pb-001869?$yProquest U.K. Parliamentary Papers
=CAT  \\$a3251$b40$c20200303$lBLL01$h1233
=FIN  \\$aY$d20200303
=FMT  \\$a  BK
=LAS  \\$a3251$b40$c20200303$lBLL01$h1233
=SRC  \\$aESTC

