=LDR  01800 am a2200397   4500
=001  019740046
=003  Uk
=005  20200305095226.0
=008  791208s1764\\\\enk\\\\\\\\\\o000\0\eng\c
=035  \\$a(Uk-ES)006339463
=040  \\$aUk-ES$cUk-ES$dCStRLIN$dUk-ES$edcrmb
=110  1\$aGreat Britain.$bParliament.
=240  10$aBills. 1764-02-06
=245  12$aA bill for vesting two shares in Ranelagh-House, gardens, and premises, late the estate of James Delaune, deceased, in John Ferrett and Robert Edmeston, and their heirs, in trust to sell the same, and apply the money arising from such sale to the several charitable purposes as directed by the will of the said James Delaune.
=264  \1$a[London] :$b[s.n.],$c[1764]
=300  \\$a7, [1] p. ;$c33 cm (2⁰)
=500  \\$aDocket title dated 1764.
=500  \\$aEnacted: Private Acts, 4 Geo.III.c.53.
=500  \\$aCaption title.
=500  \\$aWoodcut head-piece; woodcut factotum.
=500  \\$aSignatures: A-B².
=510  4\$aESTC,$cT68390
=530  \\$aAlso available on microfilm and in the U.K. Parliamentary Papers database which can be accessed by on-site users.
=655  \7$aBills.$2rbgenr
=700  0\$aGeorge$bIII,$cKing of Great Britain,$d1738-1820,$eformer owner.$5Uk
=700  0\$aGeorge$bIV,$cKing of Great Britain,$d1762-1830,$edonor.$5Uk
=752  \\$aGreat Britain$bEngland$dLondon.
=852  41$aBritish Library$bHMNTS$jB.S.Ref.2/25.(47)
=852  41$aBritish Library$bHMNTS$j214.i.3.(64)
=856  41$uhttps://parlipapers.proquest.com/parlipapers/docview/t70.d75.pb-001900?$yProquest U.K. Parliamentary Papers
=CAT  \\$a3251$b40$c20200305$lBLL01$h0930
=CAT  \\$a3251$b40$c20200305$lBLL01$h0952
=FIN  \\$aY$d20200305
=FMT  \\$a  BK
=LAS  \\$a3251$b40$c20200305$lBLL01$h0952
=SRC  \\$aESTC

