=LDR  01803 am a2200421   4500
=001  019740057
=003  Uk
=005  20200305095143.0
=008  791208s1764\\\\enk\\\\\\\\\\o000\0\eng\c
=035  \\$a(Uk-ES)006339462
=040  \\$aUk-ES$cUk-ES$dCStRLIN$dUk-ES$edcrmb
=110  1\$aGreat Britain.$bParliament.
=240  10$aBills. 1764-02-06
=245  13$aAn act for dividing and inclosing the open and common fields, meadows, and common fen, in the parish of Horbling, in the county of Lincoln; and for draining and improving the said fen.
=264  \1$a[London] :$b[s.n.],$c[1764]
=300  \\$a21, [1] p. ;$c33 cm (2⁰)
=500  \\$aWith a docket title.
=500  \\$aEnacted: Private Acts, 4 Geo.III.c.11.
=500  \\$aCaption title.
=500  \\$aWoodcut head-piece; woodcut factotum.
=500  \\$aSignatures: A-E² [chi]1.
=510  4\$aESTC,$cT68389
=530  \\$aAlso available on microfilm and in the U.K. Parliamentary Papers database which can be accessed by on-site users.
=650  \0$aCommons$zEngland$zLincolnshire$vEarly works to 1800.
=650  \0$aInclosures$zEngland$zLincolnshire$vEarly works to 1800.
=655  \7$aBills.$2rbgenr
=700  0\$aGeorge$bIII,$cKing of Great Britain,$d1738-1820,$eformer owner.$5Uk
=700  0\$aGeorge$bIV,$cKing of Great Britain,$d1762-1830,$edonor.$5Uk
=752  \\$aGreat Britain$bEngland$dLondon.
=852  41$aBritish Library$bHMNTS$jB.S.Ref.2/25.(8)
=852  41$aBritish Library$bHMNTS$j214.i.3.(65)
=856  41$uhttps://parlipapers.proquest.com/parlipapers/docview/t70.d75.pb-001861?$yProquest U.K. Parliamentary Papers
=CAT  \\$a3251$b40$c20200305$lBLL01$h0948
=CAT  \\$a3251$b40$c20200305$lBLL01$h0951
=FIN  \\$aY$d20200305
=FMT  \\$a  BK
=LAS  \\$a3251$b40$c20200305$lBLL01$h0951
=SRC  \\$aESTC

