=LDR  01602 am a2200385   4500
=001  019740062
=003  Uk
=005  20200305100822.0
=008  791208s1764\\\\enk\\\\\\\\\\o000\0\eng\c
=035  \\$a(Uk-ES)006339471
=040  \\$aUk-ES$cUk-ES$dCU-RivES$dCStRLIN$dCU-RivES$dUk-ES$edcrmb
=110  1\$aGreat Britain.$bParliament.
=240  10$aBills. 1764-01-19
=245  13$aAn act to enable the vicar of the parish of Rochdale, in the county of Lancaster, to grant a lease or leases of the glebe lands belonging to the said vicarage.
=264  \1$a[London] :$b[s.n.],$c[1764]
=300  \\$a3, [1] p. ;$c33 cm (2⁰)
=500  \\$aWith a docket title.
=500  \\$aEnacted: Private Acts, 4 Geo.III.c.28.
=500  \\$aCaption title.
=500  \\$aWoodcut head-piece; woodcut factotum.
=500  \\$aSignatures: [A]².
=510  4\$aESTC,$cT68398
=530  \\$aAlso available on microfilm and in the U.K. Parliamentary Papers database which can be accessed by on-site users.
=655  \7$aBills.$2rbgenr
=700  0\$aGeorge$bIII,$cKing of Great Britain,$d1738-1820,$eformer owner.$5Uk
=700  0\$aGeorge$bIV,$cKing of Great Britain,$d1762-1830,$edonor.$5Uk
=752  \\$aGreat Britain$bEngland$dLondon.
=852  41$aBritish Library$bHMNTS$j214.i.3.(66)
=852  41$aBritish Library$bHMNTS$jB.S.Ref.2/25.(25)
=856  41$uhttps://parlipapers.proquest.com/parlipapers/docview/t70.d75.pb-001878?$yProquest U.K. Parliamentary Papers
=CAT  \\$a3251$b40$c20200305$lBLL01$h1008
=FIN  \\$aY$d20200305
=FMT  \\$a  BK
=LAS  \\$a3251$b40$c20200305$lBLL01$h1008
=SRC  \\$aESTC

