=LDR  01454 am a2200361   4500
=001  019740073
=003  Uk
=005  20200305104304.0
=008  791208s1764\\\\enk\\\\\\\\\\o000\0\eng\c
=035  \\$a(Uk-ES)006339472
=040  \\$aUk-ES$cUk-ES$dCU-RivES$dCStRLIN$dCU-RivES$dUk-ES$edcrmb
=110  1\$aGreat Britain.$bParliament.
=240  10$aBills. 1764-01-19
=245  13$aAn act to enable the rector of the parish and parish church of Bury, in the county of Lancaster, for the time being, to grant leases of the glebe belonging to the said rectory.
=264  \1$a[London] :$b[s.n.],$c[1764]
=300  \\$a3, [1] p. ;$c32 cm (2⁰)
=500  \\$aWith a docket title.
=500  \\$aEnacted: Private Acts, 4 Geo.III.c.29.
=500  \\$aCaption title.
=500  \\$aWoodcut head-piece; woodcut factotum.
=500  \\$aSignatures: [A]².
=510  4\$aESTC,$cT68399
=530  \\$aAlso available on microfilm and in the U.K. Parliamentary Papers database which can be accessed by on-site users.
=655  \7$aBills.$2rbgenr
=752  \\$aGreat Britain$bEngland$dLondon.
=852  41$aBritish Library$bHMNTS$jB.S.Ref.2/25.(26)
=856  41$uhttps://parlipapers.proquest.com/parlipapers/docview/t70.d75.pb-001879?$yProquest U.K. Parliamentary Papers
=CAT  \\$a3251$b40$c20200305$lBLL01$h1042
=CAT  \\$a3251$b40$c20200305$lBLL01$h1043
=FIN  \\$aY$d20200305
=FMT  \\$a  BK
=LAS  \\$a3251$b40$c20200305$lBLL01$h1043
=SRC  \\$aESTC

