=LDR  01553 am a2200349   4500
=001  019740080
=003  Uk
=005  20200305110022.0
=008  791208s1764\\\\enk\\\\\\\\\\o000\0\eng\c
=035  \\$a(Uk-ES)006351678
=040  \\$aUk-ES$cUk-ES$dCStRLIN$dUk-ES$edcrmb
=110  1\$aGreat Britain.$bParliament.
=240  10$aBills. 1764-03-15
=245  13$aAn act to impower the Honourable George Lane Parker to shut up a road or way now used over certain inclosed lands in the parish of Gamlingay, in the county of Cambridge;$band for extinguishing all right to a certain toll which he now is intitled to in two lanes near the said road or way, and for obliging him to keep the said lanes in repair.
=264  \1$a[London] :$b[s.n.],$c[1764]
=300  \\$a3, [1] p. ;$c32 cm (2⁰)
=500  \\$aWith a docket title.
=500  \\$aEnacted: Private Acts, 4 Geo.III.c.74.
=500  \\$aCaption title.
=500  \\$aWoodcut head-piece; woodcut factotum.
=500  \\$aSignatures: [A]².
=510  4\$aESTC,$cT81077
=530  \\$aAlso available on microfilm and in the U.K. Parliamentary Papers database which can be accessed by on-site users.
=655  \7$aBills.$2rbgenr
=752  \\$aGreat Britain$bEngland$dLondon.
=852  41$aBritish Library$bHMNTS$jB.S.Ref.2/26.(14)
=856  41$uhttps://parlipapers.proquest.com/parlipapers/docview/t70.d75.pb-001842?$yProquest U.K. Parliamentary Papers
=CAT  \\$a3251$b40$c20200305$lBLL01$h1100
=FIN  \\$aY$d20200305
=FMT  \\$a  BK
=LAS  \\$a3251$b40$c20200305$lBLL01$h1100
=SRC  \\$aESTC

