=LDR  01548 am a2200361   4500
=001  019966939
=003  Uk
=005  20201002124940.0
=008  791208s1734\\\\enk||||\\\\\\o00||||eng\c
=035  \\$a(Uk-ES)006417422
=040  \\$aUk-ES$cUk-ES$dCStRLIN$dUk-ES$edcrmb
=110  1\$aGreat Britain.$bParliament.
=240  10$aBills. 1734-02-14
=245  13$aAn act to enable Robert Dalzell, late Earl of Carnwath, to sue or maintain any action or suit notwithstanding his attainder, and to remove any disability in him, by reason of his said attainder, to take or inherit any real or personal estate, that may or shall hereafter descend or come to him.
=264  \1$a[London] :$b[s.n.],$c[1734]
=300  \\$a3, [1] p. ;$c33 cm (2⁰)
=500  \\$aWith a docket title.
=500  \\$aEnacted: Private Acts, 7 Geo.II.c.3.
=500  \\$aCaption title.
=500  \\$aWoodcut head-piece; woodcut factotum.
=500  \\$aSignatures: [A]².
=510  4\$aESTC,$cT45535
=530  \\$aAlso available on microfilm and in the U.K. Parliamentary Papers database which can be accessed by on-site users.
=655  \7$aBills.$2rbgenr
=752  \\$aGreat Britain$bEngland$dLondon.
=852  41$aBritish Library$bHMNTS$jB.S.Ref.2/8.(2)
=856  41$uhttps://parlipapers.proquest.com/parlipapers/docview/t70.d75.pb-000758?$yProquest U.K. Parliamentary Papers
=CAT  \\$a3251$b40$c20201002$lBLL01$h1113
=CAT  \\$a3251$b40$c20201002$lBLL01$h1249
=FIN  \\$aY$d20201002
=FMT  \\$a  BK
=LAS  \\$a3251$b40$c20201002$lBLL01$h1249
=SRC  \\$aESTC

