=LDR  01406 am a2200349   4500
=001  019967009
=003  Uk
=005  20201002125911.0
=008  790922s1734\\\\enk\\\\\\\\\\o000\0\eng\c
=035  \\$a(Uk-ES)006335182
=040  \\$aUk-ES$cUk-ES$dCStRLIN$dUK-Es$edcrmb
=110  1\$aGreat Britain.$bParliament.
=240  10$aBills. 1734-02-12
=245  13$aAn act for vesting certain lands and tenements, lying contiguous to the citadel of Plymouth, being the estate of William Strode, an infant, in trustees, in order to sell and convey the same to or for the use of His Majesty.
=264  \1$a[London] :$b[s.n.],$c[1734]
=300  \\$a4 p. ;$c33 cm (2⁰)
=500  \\$aWith a docket title.
=500  \\$aEnacted: Private Acts, 7 Geo.II.c.5.
=500  \\$aCaption title.
=500  \\$aWoodcut head-piece.
=500  \\$aSignatures: [A]².
=510  4\$aESTC,$cT64020
=530  \\$aAlso available on microfilm and in the U.K. Parliamentary Papers database which can be accessed by on-site users.
=655  \7$aBills.$2rbgenr
=752  \\$aGreat Britain$bEngland$dLondon.
=852  41$aBritish Library$bHMNTS$jB.S.Ref.2/8.(4)
=856  41$uhttps://parlipapers.proquest.com/parlipapers/docview/t70.d75.pb-000760?$yProquest U.K. Parliamentary Papers
=CAT  \\$a3251$b40$c20201002$lBLL01$h1259
=FIN  \\$aY$d20201002
=FMT  \\$a  BK
=LAS  \\$a3251$b40$c20201002$lBLL01$h1259
=SRC  \\$aESTC

