=LDR  01559 am a2200361   4500
=001  019967016
=003  Uk
=005  20201002131700.0
=008  791208s1734\\\\enk\\\\\\\\\\o000\0\eng\c
=035  \\$a(Uk-ES)006417423
=040  \\$aUk-ES$cUk-ES$dCStRLIN$dUk-ES$edcrmb
=110  1\$aGreat Britain.$bParliament.
=240  10$aBills. 1734-02-27
=245  13$aAn act for supplying an omission in a former act of Parliament, to enable the Earl of Burlington to grant leases of ground behind Burlington-house.
=264  \1$a[London] :$b[s.n.],$c[1734]
=300  \\$a3, [1] p. ;$c33 cm (2⁰)
=500  \\$aDocket title: 'An act for supplying an omission in a former act of Parliament, to enable Richard Earl of Burlington to grant leases of a piece of ground behind Burlington-house'.
=500  \\$aEnacted: Private Acts, 7 Geo.II.c.6.
=500  \\$aCaption title.
=500  \\$aWoodcut head-piece; woodcut factotum.
=500  \\$aSignatures: [A]².
=510  4\$aESTC,$cT45536
=530  \\$aAlso available on microfilm and in the U.K. Parliamentary Papers database which can be accessed by on-site users.
=655  \7$aBills.$2rbgenr
=752  \\$aGreat Britain$bEngland$dLondon.
=852  41$aBritish Library$bHMNTS$jB.S.Ref.2/8.(5)
=856  41$uhttps://parlipapers.proquest.com/parlipapers/docview/t70.d75.pb-000761?$yProquest U.K. Parliamentary Papers
=CAT  \\$a3251$b40$c20201002$lBLL01$h1315
=CAT  \\$a3251$b40$c20201002$lBLL01$h1317
=FIN  \\$aY$d20201002
=FMT  \\$a  BK
=LAS  \\$a3251$b40$c20201002$lBLL01$h1317
=SRC  \\$aESTC

