=LDR  01735 am a2200361   4500
=001  019967022
=003  Uk
=005  20201002133513.0
=008  791208s1734\\\\enk\\\\\\\\\\o000\0\eng\c
=035  \\$a(Uk-ES)006417421
=040  \\$aUk-ES$cUk-ES$dCU-RivES$dCStRLIN$dCU-RivES$dUk-ES$edcrmb
=110  1\$aGreat Britain.$bParliament.
=240  10$aBills. 1734-03-13
=245  13$aAn act to enable the trustees and executors of the last will and testament of John Vanden Bempde, Esquire, deceased, to lay out part of the said testator's trust estate in the purchase of securities affecting the Marquis of Annandale's estate in Scotland, and carrying interest after the rate of five pounds per centum per annum, to be assigned to the said trustees to and for the same uses and trusts as by the said will are declared of and concerning the said trust estate.
=264  \1$a[London] :$b[s.n.],$c[1734]
=300  \\$a8 p. ;$c33 cm (2⁰)
=500  \\$aWith a docket title.
=500  \\$aEnacted: Private Acts, 7 Geo.II.c.7.
=500  \\$aCaption title.
=500  \\$aCatchword p.6 : Trust.
=500  \\$aWoodcut head-piece; woodcut factotum.
=500  \\$aSignatures: A-B².
=510  4\$aESTC,$cT45534
=530  \\$aAlso available on microfilm and in the U.K. Parliamentary Papers database which can be accessed by on-site users.
=655  \7$aBills.$2rbgenr
=752  \\$aGreat Britain$bEngland$dLondon.
=852  41$aBritish Library$bHMNTS$jB.S.Ref.2/8.(6)
=856  41$uhttps://parlipapers.proquest.com/parlipapers/docview/t70.d75.pb-000762?$yProquest U.K. Parliamentary Papers
=CAT  \\$a3251$b40$c20201002$lBLL01$h1335
=FIN  \\$aY$d20201002
=FMT  \\$a  BK
=LAS  \\$a3251$b40$c20201002$lBLL01$h1335
=SRC  \\$aESTC

