=LDR  01526 am a2200349   4500
=001  019969194
=003  Uk
=005  20201005124035.0
=008  791208s1734\\\\enk\\\\\\\\\\o000\0\eng\c
=035  \\$a(Uk-ES)006417420
=040  \\$aUk-ES$cUk-ES$dCStRLIN$dUk-ES$edcrmb
=110  1\$aGreat Britain.$bParliament.
=240  10$aBills. 1734-02-11
=245  13$aAn act for vesting in Sir Theodore Janssen, Knight and Baronet, and his heirs, the remainder in fee simple, now in the crown, expectant on the determination of certain estates tail, of and in the manor and advowson of Ower Moigne, in the county of Dorset, and several lands and hereditaments to the same manor belonging.
=264  \1$a[London] :$b[s.n.],$c[1734]
=300  \\$a3, [1] p. ;$c33 cm (2⁰)
=500  \\$aWith a docket title.
=500  \\$aEnacted: Private Acts, 7 Geo.II.c.8.
=500  \\$aCaption title.
=500  \\$aWoodcut head-piece; woodcut factotum.
=500  \\$aSignatures: [A]².
=510  4\$aESTC,$cT45533
=530  \\$aAlso available on microfilm and in the U.K. Parliamentary Papers database which can be accessed by on-site users.
=655  \7$aBills.$2rbgenr
=752  \\$aGreat Britain$bEngland$dLondon.
=852  41$aBritish Library$bHMNTS$jB.S.Ref.2/8.(7)
=856  41$uhttps://parlipapers.proquest.com/parlipapers/docview/t70.d75.pb-000763?$yProquest U.K. Parliamentary Papers
=CAT  \\$a3251$b40$c20201005$lBLL01$h1240
=FIN  \\$aY$d20201005
=FMT  \\$a  BK
=LAS  \\$a3251$b40$c20201005$lBLL01$h1240
=SRC  \\$aESTC

