=LDR  01502 am a2200361   4500
=001  019969200
=003  Uk
=005  20201005125851.0
=008  791208s1734\\\\enk\\\\\\\\\\o000\0\eng\c
=035  \\$a(Uk-ES)006417412
=040  \\$aUk-ES$cUk-ES$dCU-RivES$dCStRLIN$dCU-RivES$dUk-ES$edcrmb
=110  1\$aGreat Britain.$bParliament.
=240  10$aBills. 1734-02-19
=245  13$aAn act for enabling Thomas Scawen, Esquire, and others, to sell an estate in Ireland, settled by Sir William Scawen's will, and settling another estate (purchased by the said Thomas Scawen) in England, of greater value, to the same uses.
=264  \1$a[London] :$b[s.n.],$c[1734]
=300  \\$a11, [1] p. ;$c33 cm (2⁰)
=500  \\$aWith a docket title.
=500  \\$aEnacted: Private Acts, 7 Geo.II.c.9.
=500  \\$aCaption title.
=500  \\$aCatchword on p.9: in.
=500  \\$aWoodcut head-piece; woodcut factotum.
=500  \\$aSignatures: A-C².
=510  4\$aESTC,$cT45525
=530  \\$aAlso available on microfilm and in the U.K. Parliamentary Papers database which can be accessed by on-site users.
=655  \7$aBills.$2rbgenr
=752  \\$aGreat Britain$bEngland$dLondon.
=852  41$aBritish Library$bHMNTS$jB.S.Ref.2/8.(8)
=856  41$uhttps://parlipapers.proquest.com/parlipapers/docview/t70.d75.pb-000764?$yProquest U.K. Parliamentary Papers
=CAT  \\$a3251$b40$c20201005$lBLL01$h1258
=FIN  \\$aY$d20201005
=FMT  \\$a  BK
=LAS  \\$a3251$b40$c20201005$lBLL01$h1258
=SRC  \\$aESTC

