=LDR  01747 am a2200385   4500
=001  019969304
=003  Uk
=005  20201005160427.0
=008  791208s1734\\\\enk\\\\\\\\\\o000\0\eng\c
=035  \\$a(Uk-ES)006417425
=040  \\$aUk-ES$cUk-ES$dCStRLIN$dUk-ES$edcrmb
=110  1\$aGreat Britain.$bParliament.
=240  10$aBills. 1734-02-11
=245  13$aAn act for vesting certain houses in Blechingly, in the county of Surrey, late the estate of George Evelyn Esq; deceased, in Charles Boone Esq; and for settling another estate of greater value, on the daughters and coheirs of the said George Evelyn, in lieu of and exhange for the same.
=264  \1$a[London] :$b[s.n.],$c[1734]
=300  \\$a3, [1] p. ;$c33 cm (2⁰)
=500  \\$aWith a docket title.
=500  \\$aEnacted: Private Acts, 7 Geo.II.c.12.
=500  \\$aCaption title.
=500  \\$aEntered in the records of William Bowyer, but as printed by Henry Woodfall, 100 copies for Richard Williamson.
=500  \\$aWoodcut head-piece; woodcut factotum; woodcut tail-piece.
=500  \\$aSignatures: [A]².
=510  4\$aMaslen & Lancaster. Bowyer ledgers,$c2039
=510  4\$aESTC,$cT45538
=530  \\$aAlso available on microfilm and in the U.K. Parliamentary Papers database which can be accessed by on-site users.
=655  \7$aBills.$2rbgenr
=752  \\$aGreat Britain$bEngland$dLondon.
=852  41$aBritish Library$bHMNTS$jB.S.Ref.2/8.(11)
=856  41$uhttps://parlipapers.proquest.com/parlipapers/docview/t70.d75.pb-000767?$yProquest U.K. Parliamentary Papers
=CAT  \\$a3251$b40$c20201005$lBLL01$h1603
=CAT  \\$a3251$b40$c20201005$lBLL01$h1604
=FIN  \\$aY$d20201005
=FMT  \\$a  BK
=LAS  \\$a3251$b40$c20201005$lBLL01$h1604
=SRC  \\$aESTC

