=LDR  01434 am a2200349   4500
=001  019969308
=003  Uk
=005  20201005161005.0
=008  791208s1734\\\\enk\\\\\\\\\\o000\0\eng\c
=035  \\$a(Uk-ES)006417424
=040  \\$aUk-ES$cUk-ES$dCStRLIN$dUk-ES$edcrmb
=110  1\$aGreat Britain.$bParliament.
=240  10$aBills. 1734-02-11
=245  13$aAn act for vesting part of the estate, late of George Evelyn, Esquire, deceased, in the county of Surrey in trustees, in order to sell and convey the same to Charles Boone, Esquire, pursuant to agreement for that purpose.
=264  \1$a[London] :$b[s.n.],$c[1734]
=300  \\$a15, [1] p. ;$c33 cm (2⁰)
=500  \\$aDocket title dated 1734.
=500  \\$aEnacted: Private Acts, 7 Geo.II.c.13.
=500  \\$aCaption title.
=500  \\$aWoodcut head-piece; woodcut factotum.
=500  \\$aSignatures: A-D².
=510  4\$aESTC,$cT45537
=530  \\$aAlso available on microfilm and in the U.K. Parliamentary Papers database which can be accessed by on-site users.
=655  \7$aBills.$2rbgenr
=752  \\$aGreat Britain$bEngland$dLondon.
=852  41$aBritish Library$bHMNTS$jB.S.Ref.2/8.(12)
=856  41$uhttps://parlipapers.proquest.com/parlipapers/docview/t70.d75.pb-000768?$yProquest U.K. Parliamentary Papers
=CAT  \\$a3251$b40$c20201005$lBLL01$h1610
=FIN  \\$aY$d20201005
=FMT  \\$a  BK
=LAS  \\$a3251$b40$c20201005$lBLL01$h1610
=SRC  \\$aESTC

