=LDR  01606 am a2200397   4500
=001  019969468
=003  Uk
=005  20201006110232.0
=008  791208s1734\\\\enk\\\\\\\\\\o000\0\eng\c
=035  \\$a(Uk-ES)006417411
=040  \\$aUk-ES$cUk-ES$dCStRLIN$dUk-ES$edcrmb
=110  1\$aGreat Britain.$bParliament.
=240  10$aBills. 1734-02-26
=245  13$aAn act for inclosing the common or waste called Lightwood Forest, otherwise Cocknage Banks, and Blurton Common, in the manor and parish of Trentham, in the county of Stafford.
=264  \1$a[London] :$b[s.n.],$c[1734]
=300  \\$a11, [1 ]p. ;$c33 cm (2⁰)
=500  \\$aDocket title dated 1734.
=500  \\$aEnacted: Private Acts, 7 Geo.II.c.14.
=500  \\$aCaption title.
=500  \\$aAnother edition.
=500  \\$aCatchword p.3: deficient.
=500  \\$aWoodcut head-piece; woodcut factotum.
=500  \\$aSignatures: A-C².
=510  4\$aESTC,$cT45524
=530  \\$aAlso available on microfilm and in the U.K. Parliamentary Papers database which can be accessed by on-site users.
=650  \0$aCommons$zEngland$zStaffordshire$vEarly works to 1800.
=650  \0$aInclosures$zEngland$zStaffordshire$vEarly works to 1800.
=655  \7$aBills.$2rbgenr
=752  \\$aGreat Britain$bEngland$dLondon.
=852  41$aBritish Library$bHMNTS$jB.S.Ref.2/8.(13)
=856  41$uhttps://parlipapers.proquest.com/parlipapers/docview/t70.d75.pb-000769?$yProquest U.K. Parliamentary Papers
=CAT  \\$a3251$b40$c20201006$lBLL01$h1102
=FIN  \\$aY$d20201006
=FMT  \\$a  BK
=LAS  \\$a3251$b40$c20201006$lBLL01$h1102
=SRC  \\$aESTC

