=LDR  01492 am a2200361   4500
=001  019969477
=003  Uk
=005  20201006111426.0
=008  791208s1734\\\\enk\\\\\\\\\\o000\0\eng\c
=035  \\$a(Uk-ES)006417426
=040  \\$aUk-ES$cUk-ES$dCU-RivES$dCStRLIN$dCU-RivES$dUk-ES$edcrmb
=110  1\$aGreat Britain.$bParliament.
=240  10$aBills. 1734-03-07
=245  13$aAn act for confirming and making effectual several articles of agreement made for inclosing and dividing the common fields of Great Cleybrooke and Little Cleybrooke, in the county of Leicester.
=264  \1$a[London] :$b[s.n.],$c[1734]
=300  \\$a16 p. ;$c33 cm (2⁰)
=500  \\$aDocket title dated 1734.
=500  \\$aEnacted: Private Acts, 7 Geo.II.c.15.
=500  \\$aCaption title.
=500  \\$aWoodcut head-piece; woodcut factotum.
=500  \\$aSignatures: A-D².
=510  4\$aESTC,$cT45539
=530  \\$aAlso available on microfilm and in the U.K. Parliamentary Papers database which can be accessed by on-site users.
=650  \0$aCommons$zEngland$zLeicestershire$vEarly works to 1800.
=655  \7$aBills.$2rbgenr
=752  \\$aGreat Britain$bEngland$dLondon.
=852  41$aBritish Library$bHMNTS$jB.S.Ref.2/8.(14)
=856  41$uhttps://parlipapers.proquest.com/parlipapers/docview/t70.d75.pb-000770?$yProquest U.K. Parliamentary Papers
=CAT  \\$a3251$b40$c20201006$lBLL01$h1114
=FIN  \\$aY$d20201006
=FMT  \\$a  BK
=LAS  \\$a3251$b40$c20201006$lBLL01$h1114
=SRC  \\$aESTC

