=LDR  01509 am a2200361   4500
=001  019969551
=003  Uk
=005  20201006123009.0
=008  791208s1734\\\\enk\\\\\\\\\\o000\0\eng\c
=035  \\$a(Uk-ES)006417427
=040  \\$aUk-ES$cUk-ES$dCStRLIN$dUk-ES$edcrmb
=110  1\$aGreat Britain.$bParliament.
=240  10$aBills. 1734-02-22
=245  13$aAn act for sale of the manor, farm, and lands of Encombe in the county of Dorset, part of the estate of John Culliford, Esquire, deceased, for payment of the debts and incumbrances charged upon and affecting the same.
=264  \1$a[London] :$b[s.n.],$c[1734]
=300  \\$a12 p. ;$c33 cm (2⁰)
=500  \\$aCaption title.
=500  \\$aEnacted: Private Acts, 7 Geo.II.c.17.
=500  \\$aDocket title dated 1734.
=500  \\$aA later edition with the blanks filled in; catchword on p. 8: Four.
=500  \\$aWoodcut head-piece; woodcut factotum.
=500  \\$aSignatures: A-C².
=510  4\$aESTC,$cT45540
=530  \\$aAlso available on microfilm and in the U.K. Parliamentary Papers database which can be accessed by on-site users.
=655  \7$aBills.$2rbgenr
=752  \\$aGreat Britain$bEngland$dLondon.
=852  41$aBritish Library$bHMNTS$jB.S.Ref.2/8.(16)
=856  41$uhttps://parlipapers.proquest.com/parlipapers/docview/t70.d75.pb-000772?$yProquest U.K. Parliamentary Papers
=CAT  \\$a3251$b40$c20201006$lBLL01$h1230
=FIN  \\$aY$d20201006
=FMT  \\$a  BK
=LAS  \\$a3251$b40$c20201006$lBLL01$h1230
=SRC  \\$aESTC

