=LDR  01685 am a2200373   4500
=001  019969575
=003  Uk
=005  20201006131302.0
=008  791208s1735\\\\enk\\\\\\\\\\o000\0\eng\c
=035  \\$a(Uk-ES)006417430
=040  \\$aUk-ES$cUk-ES$dCU-RivES$dCStRLIN$dCU-RivES$dUk-ES$edcrmb
=110  1\$aGreat Britain.$bParliament.
=240  10$aBills. 1735-04-15
=245  13$aAn act for vesting the estate of Henry late Lord Carleton, deceased, in Oxfordshire, (devised by his will to several uses therein mentioned) in trustees, and their heirs, to be sold; and for investing the money arising by such sale in the purchases of other lands in or near the county of Wilts, to be settled to the like uses.
=264  \1$a[London] :$b[s.n.],$c[1735]
=300  \\$a3, [1] p. ;$c33 cm (2⁰)
=500  \\$aWith a docket title.
=500  \\$aEnacted: Private Acts, 8 Geo.II.c.5.
=500  \\$aCaption title.
=500  \\$aWith blanks.
=500  \\$aPrinted by William Bowyer; his records show two printings, of 200 and 400 copies.
=500  \\$aSignatures: [A]².
=510  4\$aMaslen & Lancaster. Bowyer ledgers,$c2151
=510  4\$aESTC,$cT45543
=530  \\$aAlso available on microfilm and in the U.K. Parliamentary Papers database which can be accessed by on-site users.
=655  \7$aBills.$2rbgenr
=752  \\$aGreat Britain$bEngland$dLondon.
=852  41$aBritish Library$bHMNTS$jB.S.Ref.2/8.(20)
=856  41$uhttps://parlipapers.proquest.com/parlipapers/docview/t70.d75.pb-000778?$yProquest U.K. Parliamentary Papers
=CAT  \\$a3251$b40$c20201006$lBLL01$h1313
=FIN  \\$aY$d20201006
=FMT  \\$a  BK
=LAS  \\$a3251$b40$c20201006$lBLL01$h1313
=SRC  \\$aESTC

