=LDR  01478 am a2200349   4500
=001  019969654
=003  Uk
=005  20201006144404.0
=008  791208s1735\\\\enk\\\\\\\\\\o000\0\eng\c
=035  \\$a(Uk-ES)006417402
=040  \\$aUk-ES$cUk-ES$dCStRLIN$dUk-ES$edcrmb
=110  1\$aGreat Britain.$bParliament.
=240  10$aBills. 1735-04-02
=245  12$aA bill for enabling Hugh Hume Campbell, commonly called Lord Polwarth, and others, to sell an estate in Essex, settled by his marriage articles, and with the money arising thereby to purchase other lands of like values, to be settled to the same uses.
=264  \1$a[London] :$b[s.n.],$c[1735]
=300  \\$a6, [2] p. ;$c33 cm (2⁰)
=500  \\$aCaption title.
=500  \\$aWith a docket title.
=500  \\$aEnacted: Private Acts, 8 Geo.II.c.6.
=500  \\$aWoodcut head-piece; woodcut factotum; woodcut tail-piece.
=500  \\$aSignatures: A-B².
=510  4\$aESTC,$cT45515
=530  \\$aAlso available on microfilm and in the U.K. Parliamentary Papers database which can be accessed by on-site users.
=655  \7$aBills.$2rbgenr
=752  \\$aGreat Britain$bEngland$dLondon.
=852  41$aBritish Library$bHMNTS$jB.S.Ref.2/8.(21)
=856  41$uhttps://parlipapers.proquest.com/parlipapers/docview/t70.d75.pb-000779?$yProquest U.K. Parliamentary Papers
=CAT  \\$a3251$b40$c20201006$lBLL01$h1444
=FIN  \\$aY$d20201006
=FMT  \\$a  BK
=LAS  \\$a3251$b40$c20201006$lBLL01$h1444
=SRC  \\$aESTC

