=LDR  01385 am a2200349   4500
=001  019969664
=003  Uk
=005  20201006150724.0
=008  791208s1735\\\\enk\\\\\\\\\\o000\0\eng\c
=035  \\$a(Uk-ES)006417410
=040  \\$aUk-ES$cUk-ES$dCStRLIN$dUk-ES$edcrmb
=110  1\$aGreat Britain.$bParliament.
=240  10$aBills. 1735-04-02
=245  13$aAn act to enable Sir Charles Gilmour Bart. to sell part of the lands and baronies of Craigmillar, &c. for payment of debts, with which the said estate stands charged and incumbered.
=264  \1$a[London] :$b[s.n.],$c[1735]
=300  \\$a[4] p. ;$c33 cm (2⁰)
=500  \\$aWith a docket title.
=500  \\$aEnacted: Private Acts, 8 Geo.II.c.7.
=500  \\$aCaption title.
=500  \\$aWoodcut head-piece; woodcut factotum.
=500  \\$aSignatures: [A]².
=510  4\$aESTC,$cT45523
=530  \\$aAlso available on microfilm and in the U.K. Parliamentary Papers database which can be accessed by on-site users.
=655  \7$aBills.$2rbgenr
=752  \\$aGreat Britain$bEngland$dLondon.
=852  41$aBritish Library$bHMNTS$jB.S.Ref.2/8.(22)
=856  41$uhttps://parlipapers.proquest.com/parlipapers/docview/t70.d75.pb-000780?$yProquest U.K. Parliamentary Papers
=CAT  \\$a3251$b40$c20201006$lBLL01$h1507
=FIN  \\$aY$d20201006
=FMT  \\$a  BK
=LAS  \\$a3251$b40$c20201006$lBLL01$h1507
=SRC  \\$aESTC

