=LDR  01509 am a2200349   4500
=001  019969670
=003  Uk
=005  20201006153618.0
=008  791208s1735\\\\enk\\\\\\\\\\o000\0\eng\c
=035  \\$a(Uk-ES)006417403
=040  \\$aUk-ES$cUk-ES$dCStRLIN$dUk-ES$edcrmb
=110  1\$aGreat Britain.$bParliament.
=240  10$aBills. 1735-03-10
=245  13$aAn act for vesting an undivided moiety of divers lands and hereditaments, in the counties of Oxon and Kent, the estate of Elizabeth Dyke, an infant, in Edward Dyke Esquire, and his heirs, in exchange for his undivided moiety of divers lands and hereditaments, in the counties of Somerset and Devon.
=264  \1$a[London] :$b[s.n.],$c[1735]
=300  \\$a3, [1] p. ;$c33 cm (2⁰)
=500  \\$aDocket title dated 1735.
=500  \\$aEnacted: Private Acts, 8 Geo.II.c.8.
=500  \\$aCaption title.
=500  \\$aWoodcut head-piece; woodcut factotum.
=500  \\$aSignatures: [A]².
=510  4\$aESTC,$cT45516
=530  \\$aAlso available on microfilm and in the U.K. Parliamentary Papers database which can be accessed by on-site users.
=655  \7$aBills.$2rbgenr
=752  \\$aGreat Britain$bEngland$dLondon.
=852  41$aBritish Library$bHMNTS$jB.S.Ref.2/8.(23)
=856  41$uhttps://parlipapers.proquest.com/parlipapers/docview/t70.d75.pb-000781?$yProquest U.K. Parliamentary Papers
=CAT  \\$a3251$b40$c20201006$lBLL01$h1536
=FIN  \\$aY$d20201006
=FMT  \\$a  BK
=LAS  \\$a3251$b40$c20201006$lBLL01$h1536
=SRC  \\$aESTC

