=LDR  01373 am a2200349   4500
=001  019974225
=003  Uk
=005  20201007150639.0
=008  791208s1735\\\\enk\\\\\\\\\\o000\0\eng\c
=035  \\$a(Uk-ES)006417405
=040  \\$aUk-ES$cUk-ES$dCU-RivES$dCStRLIN$dCU-RivES$dUk-ES$edcrmb
=110  1\$aGreat Britain.$bParliament.
=240  10$aBills. 1735-04-02
=245  13$aAn act for the better execution of the last will and testament of Richard Cantillon, Esquire, deceased, and for other purposes therein mentioned.
=264  \1$a[London] :$b[s.n.],$c[1735]
=300  \\$a7, [1] p. ;$c33 cm (2⁰)
=500  \\$aWith a docket title.
=500  \\$aEnacted: Private Acts, 8 Geo.II.c.10.
=500  \\$aCaption title.
=500  \\$aWoodcut head-piece; woodcut factotum.
=500  \\$aSignatures: A-B².
=510  4\$aESTC,$cT45518
=530  \\$aAlso available on microfilm and in the U.K. Parliamentary Papers database which can be accessed by on-site users.
=655  \7$aBills.$2rbgenr
=752  \\$aGreat Britain$bEngland$dLondon.
=852  41$aBritish Library$bHMNTS$jB.S.Ref.2/8.(25)
=856  41$uhttps://parlipapers.proquest.com/parlipapers/docview/t70.d75.pb-000783?$yProquest U.K. Parliamentary Papers
=CAT  \\$a3251$b40$c20201007$lBLL01$h1506
=FIN  \\$aY$d20201007
=FMT  \\$a  BK
=LAS  \\$a3251$b40$c20201007$lBLL01$h1506
=SRC  \\$aESTC

