=LDR  01588 am a2200349   4500
=001  019974937
=003  Uk
=005  20201008130439.0
=008  791208s1735\\\\enk\\\\\\\\\\o000\0\eng\c
=035  \\$a(Uk-ES)006417409
=040  \\$aUk-ES$cUk-ES$dCStRLIN$dUk-ES$edcrmb
=110  1\$aGreat Britain.$bParliament.
=240  10$aBills. 1735-03-27
=245  13$aAn act for vesting part of the real estate, late of James Tregeare, Esquire, deceased, in Margery his widow and relict, in part of her dower, and for sale of the rest of the said estate, for payment of the debts of the said James Tregeare, and for laying out the surplus money arising by such sale, in the purchase of other lands, to the use of Honour his daughter, and her heirs.
=264  \1$a[London] :$b[s.n.],$c[1735]
=300  \\$a3, [1] p. ;$c33 cm (2⁰)
=500  \\$aWith a docket title.
=500  \\$aEnacted: Private Acts, 8 Geo.II.c.13.
=500  \\$aCaption title.
=500  \\$aWoodcut head-piece; woodcut factotum.
=500  \\$aSignatures: [A]².
=510  4\$aESTC,$cT45522
=530  \\$aAlso available on microfilm and in the U.K. Parliamentary Papers database which can be accessed by on-site users.
=655  \7$aBills.$2rbgenr
=752  \\$aGreat Britain$bEngland$dLondon.
=852  41$aBritish Library$bHMNTS$jB.S.Ref.2/8.(28)
=856  41$uhttps://parlipapers.proquest.com/parlipapers/docview/t70.d75.pb-000786?$yProquest U.K. Parliamentary Papers
=CAT  \\$a3251$b40$c20201008$lBLL01$h1304
=FIN  \\$aY$d20201008
=FMT  \\$a  BK
=LAS  \\$a3251$b40$c20201008$lBLL01$h1304
=SRC  \\$aESTC

