=LDR  01415 am a2200349   4500
=001  019975015
=003  Uk
=005  20201008145738.0
=008  791208s1735\\\\enk\\\\\\\\\\o000\0\eng\c
=035  \\$a(Uk-ES)006417401
=040  \\$aUk-ES$cUk-ES$dCStRLIN$dUk-ES
=110  1\$aGreat Britain.$bParliament.
=240  10$aBills. 1735-03-27
=245  13$aAn act for appointing commissioners to make a division of certain commons and waste lands, lying within the mannor and parish of Chedleton, in the county of Stafford, among the proprietors, in order to inclose the same.
=264  \1$a[London] :$b[s.n.],$c[1735]
=300  \\$a8 p. ;$c33 cm (2⁰)
=500  \\$aWith a docket title.
=500  \\$aEnacted: Private Acts, 8 Geo.II.c.15.
=500  \\$aCaption title.
=500  \\$aWoodcut head-piece; woodcut factotum.
=500  \\$aSignatures: A-B².
=510  4\$aESTC,$cT45514
=530  \\$aAlso available on microfilm and in the U.K. Parliamentary Papers database which can be accessed by on-site users.
=655  \7$aBills.$2rbgenr
=752  \\$aGreat Britain$bEngland$dLondon.
=852  41$aBritish Library$bHMNTS$jB.S.Ref.2/8.(30)
=856  41$uhttps://parlipapers.proquest.com/parlipapers/docview/t70.d75.pb-000788?$yProquest U.K. Parliamentary Papers
=CAT  \\$a3251$b40$c20201008$lBLL01$h1457
=FIN  \\$aY$d20201008
=FMT  \\$a  BK
=LAS  \\$a3251$b40$c20201008$lBLL01$h1457
=SRC  \\$aESTC

