=LDR  01489 am a2200361   4500
=001  019975316
=003  Uk
=005  20201009104212.0
=008  791208s1735\\\\enk\\\\\\\\\\o000\0\eng\c
=035  \\$a(Uk-ES)006417400
=040  \\$aUk-ES$cUk-ES$dCU-RivES$dCStRLIN$dCU-RivES$dUk-ES$edcrmb
=110  1\$aGreat Britain.$bParliament.
=240  10$aBills. 1735-03-06
=245  12$aA bill to enable William Toller, now called William Toller Treffry, gentleman, and his issue male, to take and use the sirname of Treffry only, pursuant to the deed of settlement of John Treffry, esquire, deceased
=264  \1$a[London] :$b[s.n.],$c[1735]
=300  \\$a3, [1] p. ;$c33 cm (2⁰)
=500  \\$aCaption title.
=500  \\$aWith a docket title.
=500  \\$aEnacted: Private Acts, 8 Geo.II.c.16.
=500  \\$aWoodcut head-piece; woodcut factotum.
=500  \\$aSignatures: [A]².
=510  4\$aESTC,$cT45513
=530  \\$aAlso available on microfilm and in the U.K. Parliamentary Papers database which can be accessed by on-site users.
=655  \7$aBills.$2rbgenr
=752  \\$aGreat Britain$bEngland$dLondon.
=852  41$aBritish Library$bHMNTS$jB.S.Ref.2/8.(31)
=856  41$uhttps://parlipapers.proquest.com/parlipapers/docview/t70.d75.pb-000789?$yProquest U.K. Parliamentary Papers
=CAT  \\$a3251$b40$c20201009$lBLL01$h1035
=CAT  \\$a3251$b40$c20201009$lBLL01$h1042
=FIN  \\$aY$d20201009
=FMT  \\$a  BK
=LAS  \\$a3251$b40$c20201009$lBLL01$h1042
=SRC  \\$aESTC

