=LDR  01499 am a2200361   4500
=001  019975343
=003  Uk
=005  20201009115121.0
=008  791208s1736\\\\enk\\\\\\\\\\o000\0\eng\c
=035  \\$a(Uk-ES)006417398
=040  \\$aUk-ES$cUk-ES$dCU-RivES$dCStRLIN$dCU-RivES$dUk-ES$edcrmb
=110  1\$aGreat Britain.$bParliament.
=240  10$aBills. 1736-02-26
=245  13$aAn act to enable Harry, Earl of Stamford, and Harry Grey, Esq; commonly called Lord Grey, son and heir apparent of the said Earl of Stamford, to make a settlement upon the marriage of the said Lord Grey, notwithstanding his infancy.
=264  \1$a[London] :$b[s.n.],$c[1736]
=300  \\$a11, [1] p. ;$c33 cm (2⁰)
=500  \\$aWith a docket title.
=500  \\$aEnacted: Private Acts, 9 Geo.II.c.6.
=500  \\$aCaption title.
=500  \\$aCatchword, p.1: Ock-.
=500  \\$aPrinters' ornaments; woodcut factotum.
=500  \\$aSignatures: A-C².
=510  4\$aESTC,$cT45511
=530  \\$aAlso available on microfilm and in the U.K. Parliamentary Papers database which can be accessed by on-site users.
=655  \7$aBills.$2rbgenr
=752  \\$aGreat Britain$bEngland$dLondon.
=852  41$aBritish Library$bHMNTS$jB.S.Ref.2/8.(35)
=856  41$uhttps://parlipapers.proquest.com/parlipapers/docview/t70.d75.pb-000797?$yProquest U.K. Parliamentary Papers
=CAT  \\$a3251$b40$c20201009$lBLL01$h1151
=FIN  \\$aY$d20201009
=FMT  \\$a  BK
=LAS  \\$a3251$b40$c20201009$lBLL01$h1151
=SRC  \\$aESTC

