=LDR  01432 am a2200349   4500
=001  019975352
=003  Uk
=005  20201009120813.0
=008  791208s1736\\\\enk\\\\\\\\\\o000\0\eng\c
=035  \\$a(Uk-ES)006417397
=040  \\$aUk-ES$cUk-ES$dCStRLIN$dUk-ES$edcrmb
=110  1\$aGreat Britain.$bParliament.
=240  10$aBills. 1736-02-19
=245  13$aAn act for impowering the trustees named in the will of Thomas late Earl of Pembroke and Montgomery, to lay out the residue of his personal estate in the purchase of such lands and hereditaments as in this act are mentioned.
=264  \1$a[London] :$b[s.n.],$c[1736]
=300  \\$a11, [1] p. ;$c33 cm (2⁰)
=500  \\$aWith a docket title.
=500  \\$aEnacted: Private Acts, 9 Geo.II.c.7.
=500  \\$aCaption title.
=500  \\$aWoodcut head-piece; woodcut factotum.
=500  \\$aSignatures: A-C².
=510  4\$aESTC,$cT45510
=530  \\$aAlso available on microfilm and in the U.K. Parliamentary Papers database which can be accessed by on-site users.
=655  \7$aBills.$2rbgenr
=752  \\$aGreat Britain$bEngland$dLondon.
=852  41$aBritish Library$bHMNTS$jB.S.Ref.2/8.(36)
=856  41$uhttps://parlipapers.proquest.com/parlipapers/docview/t70.d75.pb-000798?$yProquest U.K. Parliamentary Papers
=CAT  \\$a3251$b40$c20201009$lBLL01$h1208
=FIN  \\$aY$d20201009
=FMT  \\$a  BK
=LAS  \\$a3251$b40$c20201009$lBLL01$h1208
=SRC  \\$aESTC

