=LDR  01520 am a2200349   4500
=001  019975365
=003  Uk
=005  20201009122240.0
=008  791208s1736\\\\enk\\\\\\\\\\o000\0\eng\c
=035  \\$a(Uk-ES)006417396
=040  \\$aUk-ES$cUk-ES$dCStRLIN$dUk-ES$edcrmb
=110  1\$aGreat Britain.$bParliament.
=240  10$aBills. 1736-02-24
=245  13$aAn act for discharging the estate purchased by the trustees of Charles Cavendish, Esquire, commonly called Lord Charles Cavendish, from the trusts of his settlement, and for enabling the said trustees to sell and dispose of the same for the purposes therein mentioned.
=264  \1$a[London] :$b[s.n.],$c[1736]
=300  \\$a7, [1] p. ;$c33 cm (2⁰)
=500  \\$aDocket title dated 1736; a variant has an undated docket title.
=500  \\$aEnacted: Private Acts, 9 Geo.II.c.8.
=500  \\$aCaption title.
=500  \\$aPrinters's ornaments; woodcut factotum.
=500  \\$aSignatures: A-B².
=510  4\$aESTC,$cT45509
=530  \\$aAlso available on microfilm and in the U.K. Parliamentary Papers database which can be accessed by on-site users.
=655  \7$aBills.$2rbgenr
=752  \\$aGreat Britain$bEngland$dLondon.
=852  41$aBritish Library$bHMNTS$jB.S.Ref.2/8.(37)
=856  41$uhttps://parlipapers.proquest.com/parlipapers/docview/t70.d75.pb-000799?$yProquest U.K. Parliamentary Papers
=CAT  \\$a3251$b40$c20201009$lBLL01$h1222
=FIN  \\$aY$d20201009
=FMT  \\$a  BK
=LAS  \\$a3251$b40$c20201009$lBLL01$h1222
=SRC  \\$aESTC

