=LDR  01340 am a2200349   4500
=001  019975376
=003  Uk
=005  20201009124613.0
=008  791208s1736\\\\enk\\\\\\\\\\o000\0\eng\c
=035  \\$a(Uk-ES)006417395
=040  \\$aUk-ES$cUk-ES$dCStRLIN$dUk-ES$edcrmb
=110  1\$aGreat Britain.$bParliament.
=240  10$aBills. 1736-03-02
=245  13$aAn act for exchanging of lands between Sir John Astley, Baronet, and the President and fellows of Queen's College, in Cambridge.
=264  \1$a[London] :$b[s.n.],$c[1736]
=300  \\$a3, [1] p. ;$c33 cm (2⁰)
=500  \\$aDocket title dated 1736.
=500  \\$aEnacted: Private Acts, 9 Geo.II.c.9.
=500  \\$aCaption title.
=500  \\$aPrinters' ornaments; woodcut factotum.
=500  \\$aSignatures: [A]².
=510  4\$aESTC,$cT45508
=530  \\$aAlso available on microfilm and in the U.K. Parliamentary Papers database which can be accessed by on-site users.
=655  \7$aBills.$2rbgenr
=752  \\$aGreat Britain$bEngland$dLondon.
=852  41$aBritish Library$bHMNTS$jB.S.Ref.2/8.(38)
=856  41$uhttps://parlipapers.proquest.com/parlipapers/docview/t70.d75.pb-000800?$yProquest U.K. Parliamentary Papers
=CAT  \\$a3251$b40$c20201009$lBLL01$h1246
=FIN  \\$aY$d20201009
=FMT  \\$a  BK
=LAS  \\$a3251$b40$c20201009$lBLL01$h1246
=SRC  \\$aESTC

