=LDR  01554 am a2200349   4500
=001  019975415
=003  Uk
=005  20201009141922.0
=008  791208s1736\\\\enk\\\\\\\\\\o000\0\eng\c
=035  \\$a(Uk-ES)006417393
=040  \\$aUk-ES$cUk-ES$dCStRLIN$dUk-ES$edcrmb
=110  1\$aGreat Britain.$bParliament.
=240  10$aBills. 1736-03-05
=245  13$aAn act for making effectual articles of agreement touching the estates late of Roger Nowell the Elder, of Read, in the county of Lancaster, Esquire, and Roger Nowell his son, lying in the same county, and the county of York, and vesting the said estates in trustees, to be sold for the payment of debts, and other purposes therein mentioned.
=264  \1$a[London] :$b[s.n.],$c[1736]
=300  \\$a7, [1]p. ;$c33 cm (2⁰)
=500  \\$aDocket title dated 1735-6.
=500  \\$aEnacted: Private Acts, 9 Geo.II.c.11.
=500  \\$aCaption title.
=500  \\$aWoodcut head-piece; woodcut factotum.
=500  \\$aSignatures: A-B².
=510  4\$aESTC,$cT45506
=530  \\$aAlso available on microfilm and in the U.K. Parliamentary Papers database which can be accessed by on-site users.
=655  \7$aBills.$2rbgenr
=752  \\$aGreat Britain$bEngland$dLondon.
=852  41$aBritish Library$bHMNTS$jB.S.Ref.2/8.(40)
=856  41$uhttps://parlipapers.proquest.com/parlipapers/docview/t70.d75.pb-000802?$yProquest U.K. Parliamentary Papers
=CAT  \\$a3251$b40$c20201009$lBLL01$h1419
=FIN  \\$aY$d20201009
=FMT  \\$a  BK
=LAS  \\$a3251$b40$c20201009$lBLL01$h1419
=SRC  \\$aESTC

