=LDR  01523 am a2200361   4500
=001  019976181
=003  Uk
=005  20201012115919.0
=008  791208s1736\\\\enk\\\\\\\\\\o000\0\eng\c
=035  \\$a(Uk-ES)006417391
=040  \\$aUk-ES$cUk-ES$dCStRLIN$dUk-ES$edcrmb
=110  1\$aGreat Britain.$bParliament.
=240  10$aBills. 1736-02-20
=245  13$aAn act for vacating the grants and settlements of certain manors, lands, and tenements, made by George Parker, Esquire, upon the marriage of Francis, his son, with Jaquete his now wife, and for settling other lands instead thereof.
=264  \1$a[London] :$b[s.n.],$c[1736]
=300  \\$a7, [1] p. ;$c33 cm (2⁰)
=500  \\$aCaption title.
=500  \\$aEnacted: Private Acts, 9 Geo.II.c.13.
=500  \\$aWith a docket title.
=500  \\$aA later edition with the blanks filled in; catchword on p. 5: the.
=500  \\$aPrinters' ornaments; woodcut factotum.
=500  \\$aSignatures: A-B².
=510  4\$aESTC,$cT45504
=530  \\$aAlso available on microfilm and in the U.K. Parliamentary Papers database which can be accessed by on-site users.
=655  \7$aBills.$2rbgenr
=752  \\$aGreat Britain$bEngland$dLondon.
=852  41$aBritish Library$bHMNTS$jB.S.Ref.2/8.(42)
=856  41$uhttps://parlipapers.proquest.com/parlipapers/docview/t70.d75.pb-000804?$yProquest U.K. Parliamentary Papers
=CAT  \\$a3251$b40$c20201012$lBLL01$h1159
=FIN  \\$aY$d20201012
=FMT  \\$a  BK
=LAS  \\$a3251$b40$c20201012$lBLL01$h1159
=SRC  \\$aESTC

