=LDR  01583 am a2200337   4500
=001  019976196
=003  Uk
=005  20201012121638.0
=008  791208s1736\\\\enk\\\\\\\\\\o000\0\eng\c
=035  \\$a(Uk-ES)006417390
=040  \\$aUk-ES$cUk-ES$dCStRLIN$dUk-ES$edcrmb
=110  1\$aGreat Britain.$bParliament.
=240  10$aBills. 1736-02-24
=245  12$aA bill for vesting the equity of redemption of all the lands of inheritance and leasehold estates late of Charles Bentley, Esq; deceased, lying in the county of Worcester, in trustees to be sold for payment of his debts, and making some provision for Penelope Bentley, his widow, and Charles Bentley and Penelope Bentley, infants, his son and daughter.
=264  \1$a[London] :$b[s.n.],$c[1736]
=300  \\$a3, [1] p. ;$c33 cm (2⁰)
=500  \\$aTitle from docket title.
=500  \\$aEnacted: Private Acts, 9 Geo.II.c.14.
=500  \\$aA later edition with the blanks filled in and without a caption title.
=500  \\$aSignatures: [A]².
=510  4\$aESTC,$cT45503
=530  \\$aAlso available on microfilm and in the U.K. Parliamentary Papers database which can be accessed by on-site users.
=752  \\$aGreat Britain$bEngland$dLondon.
=852  41$aBritish Library$bHMNTS$jB.S.Ref.2/8.(43)
=856  41$uhttps://parlipapers.proquest.com/parlipapers/docview/t70.d75.pb-000805?$yProquest U.K. Parliamentary Papers
=CAT  \\$a3251$b40$c20201012$lBLL01$h1214
=CAT  \\$a3251$b40$c20201012$lBLL01$h1216
=FIN  \\$aY$d20201012
=FMT  \\$a  BK
=LAS  \\$a3251$b40$c20201012$lBLL01$h1216
=SRC  \\$aESTC

