=LDR  01403 am a2200337   4500
=001  019976211
=003  Uk
=005  20201012123354.0
=008  791208s1736\\\\enk\\\\\\\\\\o000\0\eng\c
=035  \\$a(Uk-ES)006417389
=040  \\$aUk-ES$cUk-ES$dCU-RivES$dCStRLIN$dCU-RivES$dUk-ES$edcrmb
=110  1\$aGreat Britain.$bParliament.
=240  10$aBills. 1736-03-15
=245  13$aAn act for vesting the estate of William Gee, Esquire, in trustees, to settle the same, pursuant to an agreement made previous to his marraige with Elizabeth his wife, daughter of Roger Talbot, Esquire.
=264  \1$a[London] :$b[s.n.],$c[1736]
=300  \\$a7, [1] p. ;$c33 cm (2⁰)
=500  \\$aDocket title dated 1736.
=500  \\$aEnacted: Private Acts, 9 Geo.II.c.15.
=500  \\$aCaption title.
=500  \\$aWoodcut head-piece; woodcut factotum.
=500  \\$aSignatures: A-B².
=510  4\$aESTC,$cT45502
=530  \\$aAlso available on microfilm and in the U.K. Parliamentary Papers database which can be accessed by on-site users.
=752  \\$aGreat Britain$bEngland$dLondon.
=852  41$aBritish Library$bHMNTS$jB.S.Ref.2/8.(44)
=856  41$uhttps://parlipapers.proquest.com/parlipapers/docview/t70.d75.pb-000806?$yProquest U.K. Parliamentary Papers
=CAT  \\$a3251$b40$c20201012$lBLL01$h1233
=FIN  \\$aY$d20201012
=FMT  \\$a  BK
=LAS  \\$a3251$b40$c20201012$lBLL01$h1233
=SRC  \\$aESTC

