=LDR  01489 am a2200361   4500
=001  019976245
=003  Uk
=005  20201012132643.0
=008  791208s1736\\\\enk\\\\\\\\\\o000\0\eng\c
=035  \\$a(Uk-ES)006417407
=040  \\$aUk-ES$cUk-ES$dCStRLIN$dUk-ES$edcrmb
=110  1\$aGreat Britain.$bParliament.
=240  10$aBills. 1736-03-25
=245  13$aAn act for explaining the will of Joseph Banks, Esquire, deceased, and for impowering several persons claiming under the said will to make jointures and leases in such manner as is therein mentioned.
=264  \1$a[London] :$b[s.n.],$c[1736]
=300  \\$a11, [1] p. ;$c33 cm (2⁰)
=500  \\$aWith a docket title.
=500  \\$aEnacted: Private Acts, 9 Geo.II.c.16.
=500  \\$aCaption title.
=500  \\$aAnother edition with the blanks on pages 8, 9 and 11 filled in.
=500  \\$aPrinters' ornaments; woodcut factotum.
=500  \\$aSignatures: A-C².
=510  4\$aESTC,$cT45520
=530  \\$aAlso available on microfilm and in the U.K. Parliamentary Papers database which can be accessed by on-site users.
=655  \7$aBills.$2rbgenr
=752  \\$aGreat Britain$bEngland$dLondon.
=852  41$aBritish Library$bHMNTS$jB.S.Ref.2/8.(45)
=856  41$uhttps://parlipapers.proquest.com/parlipapers/docview/t70.d75.pb-000807?$yProquest U.K. Parliamentary Papers
=CAT  \\$a3251$b40$c20201012$lBLL01$h1326
=FIN  \\$aY$d20201012
=FMT  \\$a  BK
=LAS  \\$a3251$b40$c20201012$lBLL01$h1326
=SRC  \\$aESTC

