=LDR  01457 am a2200361   4500
=001  019976288
=003  Uk
=005  20201012144820.0
=008  791208s1736\\\\enk\\\\\\\\\\o000\0\eng\c
=035  \\$a(Uk-ES)006417406
=040  \\$aUk-ES$cUk-ES$dCStRLIN$dUk-ES
=110  1\$aGreat Britain.$bParliament.
=240  10$aBills. 1736-02-16
=245  13$aAn act for inclosing and dividing the common field called Alderminster common field, common pastures, and other common grounds in the parish of Alderminster, in the county of Worcester.
=264  \1$a[London] :$b[s.n.],$c[1736]
=300  \\$a7, [1] p. ;$c33 cm (2⁰)
=500  \\$aWith a docket title.
=500  \\$aEnacted: Private Acts, 9 Geo.II.c.17.
=500  \\$aCaption title.
=500  \\$aWoodcut head-piece; woodcut factotum.
=500  \\$aSignatures: A-B².
=510  4\$aESTC,$cT45519
=530  \\$aAlso available on microfilm and in the U.K. Parliamentary Papers database which can be accessed by on-site users.
=650  \0$aCommons$zEngland$zWorcestershire$vEarly works to 1800.
=655  \7$aBills.$2rbgenr
=752  \\$aGreat Britain$bEngland$dLondon.
=852  41$aBritish Library$bHMNTS$jB.S.Ref.2/8.(46)
=856  41$uhttps://parlipapers.proquest.com/parlipapers/docview/t70.d75.pb-000808?$yProquest U.K. Parliamentary Papers
=CAT  \\$a3251$b40$c20201012$lBLL01$h1448
=FIN  \\$aY$d20201012
=FMT  \\$a  BK
=LAS  \\$a3251$b40$c20201012$lBLL01$h1448
=SRC  \\$aESTC

