=LDR  01663 am a2200385   4500
=001  019976301
=003  Uk
=005  20201012151828.0
=008  790922s1736\\\\enk\\\\\\\\\\o000\0\eng\c
=035  \\$a(Uk-ES)006335168
=040  \\$aUk-ES$cUk-ES$dCStRLIN$dUk-ES$edcrmb
=110  1\$aGreat Britain.$bParliament.
=240  10$aBills. 1736-03-10
=245  13$aAn act for dividing and inclosing the common field and plots of commonable lands, and for stinting the common or heath in the manor of Ixworth, within the parish of Ixworth, in the county of Suffolk.
=264  \1$a[London] :$b[s.n.],$c[1736]
=300  \\$a7, [1] p. ;$c33 cm (2⁰)
=500  \\$aCaption title.
=500  \\$aEnacted: Private Acts, 9 Geo.II.c.18.
=500  \\$aWith a docket title.
=500  \\$aA later edition of 'A bill for inclosing and dividing the common field in the manor of Ixworth, .. in the county of Suffolk.'.
=500  \\$aPrinters' ornaments; woodcut factotum.
=500  \\$aSignatures: A-B².
=510  4\$aESTC,$cT64006
=530  \\$aAlso available on microfilm and in the U.K. Parliamentary Papers database which can be accessed by on-site users.
=650  \0$aCommons$zEngland$zSuffolk$vEarly works to 1800.
=655  \7$aBills.$2rbgenr
=752  \\$aGreat Britain$bEngland$dLondon.
=852  41$aBritish Library$bHMNTS$jB.S.Ref.2/8.(47)
=856  41$uhttps://parlipapers.proquest.com/parlipapers/docview/t70.d75.pb-000809?$yProquest U.K. Parliamentary Papers
=CAT  \\$a3251$b40$c20201012$lBLL01$h1514
=CAT  \\$a3251$b40$c20201012$lBLL01$h1518
=FIN  \\$aY$d20201012
=FMT  \\$a  BK
=LAS  \\$a3251$b40$c20201012$lBLL01$h1518
=SRC  \\$aESTC

