=LDR  01362 am a2200349   4500
=001  019976606
=003  Uk
=005  20201013104552.0
=008  791208s1736\\\\enk\\\\\\\\\\o000\0\eng\c
=035  \\$a(Uk-ES)006417388
=040  \\$aUk-ES$cUk-ES$dCStRLIN$dUk-ES$edcrmb
=110  1\$aGreat Britain.$bParliament.
=240  10$aBills. 1736-02-26
=245  13$aAn act to enable Robert Phillips, Esquire, and his issue-male, to take and use the sirname of Lee, pursuant to the will of Robert Lee, Esquire, deceased.
=264  \1$a[London] :$b[s.n.],$c[1736]
=300  \\$a3, [1] p. ;$c33 cm (2⁰)
=500  \\$aWith a docket title.
=500  \\$aEnacted: Private Acts, 9 Geo.II.c.26.
=500  \\$aCaption title.
=500  \\$aPrinters' ornaments; woodcut factotum.
=500  \\$aSignatures: [A]².
=510  4\$aESTC,$cT45501
=530  \\$aAlso available on microfilm and in the U.K. Parliamentary Papers database which can be accessed by on-site users.
=655  \7$aBills.$2rbgenr
=752  \\$aGreat Britain$bEngland$dLondon.
=852  41$aBritish Library$bHMNTS$jB.S.Ref.2/8.(50)
=856  41$uhttps://parlipapers.proquest.com/parlipapers/docview/t70.d75.pb-000812?$yProquest U.K. Parliamentary Papers
=CAT  \\$a3251$b40$c20201013$lBLL01$h1045
=FIN  \\$aY$d20201013
=FMT  \\$a  BK
=LAS  \\$a3251$b40$c20201013$lBLL01$h1045
=SRC  \\$aESTC

