=LDR  01708 am a2200373   4500
=001  019976712
=003  Uk
=005  20201013131844.0
=008  791208s1736\\\\enk\\\\\\\\\\o000\0\eng\c
=035  \\$a(Uk-ES)006417386
=040  \\$aUk-ES$cUk-ES$dCU-RivES$dCStRLIN$dCU-RivES$dUk-ES$edcrmb
=110  1\$aGreat Britain.$bParliament.
=245  12$aA bill to enable John Sinclair, eldest son of Henry late Lord Sinclair, deceased, to sue or maintain any action or suit, notwithstanding his attainder; and to remove any disability in him, by reason of his said attainder, to take or inherit any real or personal estate, that may or shall hereafter descend or come to him.
=246  3\$aBills. 1736-03-08
=264  \1$a[London] :$b[s.n.],$c[1736]
=300  \\$a3, [1] p. ;$c33 cm (2⁰)
=500  \\$aWith a docket title.
=500  \\$aEnacted: Private Acts, 9 Geo.II.28.
=500  \\$aCaption title.
=500  \\$aPrinted by William Bowyer; his records show 300 copies printed for Alexander Hamilton.
=500  \\$aWoodcut head-piece; woodcut factotum.
=500  \\$aSignatures: [A]².
=510  4\$aMaslen & Lancaster. Bowyer ledgers,$c2248
=510  4\$aESTC,$cT45499
=530  \\$aAlso available on microfilm and in the U.K. Parliamentary Papers database which can be accessed by on-site users.
=655  \7$aBills.$2rbgenr
=752  \\$aGreat Britain$bEngland$dLondon.
=852  41$aBritish Library$bHMNTS$jB.S.Ref.2/8.(52)
=856  41$uhttps://parlipapers.proquest.com/parlipapers/docview/t70.d75.pb-000814?$yProquest U.K. Parliamentary Papers
=CAT  \\$a3251$b40$c20201013$lBLL01$h1318
=FIN  \\$aY$d20201013
=FMT  \\$a  BK
=LAS  \\$a3251$b40$c20201013$lBLL01$h1318
=SRC  \\$aESTC

