=LDR  01642 am a2200349   4500
=001  019976720
=003  Uk
=005  20201013133326.0
=008  791208s1736\\\\enk\\\\\\\\\\o000\0\eng\c
=035  \\$a(Uk-ES)006417385
=040  \\$aUk-ES$cUk-ES$dCU-RivES$dCStRLIN$dCU-RivES$dUk-ES$edcrmb
=110  1\$aGreat Britain.$bParliament.
=240  10$aBills. 1736-03-17
=245  13$aAn act to enable William Murray to sue or maintain any action or suit, notwithstanding his attainder; and to remove any disability in him, by reason of his said attainder, to take or inherit any real or personal estate, that may have descended or come to him since his late Majesty's most gracious pardon dated the twentieth of July, in the seventh year of his reign, or that shall hereafter descend or come to him.
=264  \1$a[London] :$b[s.n.],$c[1736]
=300  \\$a3, [1] p. ;$c33 cm (2⁰)
=500  \\$aWith a docket title.
=500  \\$aEnacted: Private Acts, 9 Geo.II.c.29.
=500  \\$aCaption title
=500  \\$aWoodcut head-piece; woodcut factotum.
=500  \\$aSignatures: [A]².
=510  4\$aESTC,$cT45498
=530  \\$aAlso available on microfilm and in the U.K. Parliamentary Papers database which can be accessed by on-site users.
=655  \7$aBills.$2rbgenr
=752  \\$aGreat Britain$bEngland$dLondon.
=852  41$aBritish Library$bHMNTS$jB.S.Ref.2/8.(53)
=856  41$uhttps://parlipapers.proquest.com/parlipapers/docview/t70.d75.pb-000815?$yProquest U.K. Parliamentary Papers
=CAT  \\$a3251$b40$c20201013$lBLL01$h1333
=FIN  \\$aY$d20201013
=FMT  \\$a  BK
=LAS  \\$a3251$b40$c20201013$lBLL01$h1333
=SRC  \\$aESTC

