=LDR  01502 am a2200349   4500
=001  019976760
=003  Uk
=005  20201013145644.0
=008  791208s1736\\\\enk\\\\\\\\\\o000\0\eng\c
=035  \\$a(Uk-ES)006417383
=040  \\$aUk-ES$cUk-ES$dCStRLIN$dUk-ES$edcrmb
=110  1\$aGreat Britain.$bParliament.
=240  10$aBills. 1736-04-01
=245  13$aAn act to enable John Freeman, Esquire, heretofore called John Cooke, and his heirs, to take and use the surname of Freeman, pursuant to the will of William Freeman, Esquire, deceased; and also to impower the said John Freemand and others to make leases of the estates devised by the said will.
=264  \1$a[London] :$b[s.n.],$c[1736]
=300  \\$a7, [1] p. ;$c33 cm (2⁰)
=500  \\$aWith a docket title.
=500  \\$aEnacted: Private Acts, 9 Geo.II.c.32.
=500  \\$aCaption title.
=500  \\$aWoodcut head-piece; woodcut factotum.
=500  \\$aSignatures: A-B².
=510  4\$aESTC,$cT45496
=530  \\$aAlso available on microfilm and in the U.K. Parliamentary Papers database which can be accessed by on-site users.
=655  \7$aBills.$2rbgenr
=752  \\$aGreat Britain$bEngland$dLondon.
=852  41$aBritish Library$bHMNTS$jB.S.Ref.2/8.(55)
=856  41$uhttps://parlipapers.proquest.com/parlipapers/docview/t70.d75.pb-000817?$yProquest U.K. Parliamentary Papers
=CAT  \\$a3251$b40$c20201013$lBLL01$h1456
=FIN  \\$aY$d20201013
=FMT  \\$a  BK
=LAS  \\$a3251$b40$c20201013$lBLL01$h1456
=SRC  \\$aESTC

