=LDR  01416 am a2200349   4500
=001  019976767
=003  Uk
=005  20201013151006.0
=008  791208s1736\\\\enk\\\\\\\\\\o000\0\eng\c
=035  \\$a(Uk-ES)006417382
=040  \\$aUk-ES$cUk-ES$dCU-RivES$dCStRLIN$dCU-RivES$dUk-ES$edcrmb
=110  1\$aGreat Britain.$bParliament.
=240  10$aBills. 1736-03-19
=245  13$aAn act to enable the guardians and trustees of Samuel Pitt, an infant, to compound with Samuel Pitt, merchant, for a sum of money decreed to the said infant, by the Court of Chancery.
=264  \1$a[London] :$b[s.n.],$c[1736]
=300  \\$a7, [1] p. ;$c33 cm (2⁰)
=500  \\$aDocket title dated 1736.
=500  \\$aEnacted: Private Acts, 9 Geo.II.c.33.
=500  \\$aCaption title.
=500  \\$aPrinters' ornaments; woodcut factotum.
=500  \\$aSignatures: A-B².
=510  4\$aESTC,$cT45495
=530  \\$aAlso available on microfilm and in the U.K. Parliamentary Papers database which can be accessed by on-site users.
=655  \7$aBills.$2rbgenr
=752  \\$aGreat Britain$bEngland$dLondon.
=852  41$aBritish Library$bHMNTS$jB.S.Ref.2/8.(56)
=856  41$uhttps://parlipapers.proquest.com/parlipapers/docview/t70.d75.pb-000818?$yProquest U.K. Parliamentary Papers
=CAT  \\$a3251$b40$c20201013$lBLL01$h1510
=FIN  \\$aY$d20201013
=FMT  \\$a  BK
=LAS  \\$a3251$b40$c20201013$lBLL01$h1510
=SRC  \\$aESTC

