=LDR  01549 am a2200361   4500
=001  019976777
=003  Uk
=005  20201013153332.0
=008  791208s1736\\\\enk\\\\\\\\\\o000\0\eng\c
=035  \\$a(Uk-ES)006417380
=040  \\$aUk-ES$cUk-ES$dCStRLIN$dUk-ES$edcrmb
=110  1\$aGreat Britain.$bParliament.
=240  10$aBills. 1736-03-15
=245  13$aAn act for inclosing and dividing the common fields and common grounds in the parish of West Stafford cum Froom Bellet in the county of Dorset.
=264  \1$a[London] :$b[s.n.],$c[1736]
=300  \\$a7, [1] p. ;$c33 cm (2⁰)
=500  \\$aEnacted: Private Acts, 9 Geo.II.c.35.
=500  \\$aDocket title: 'An act for inclosing and dividing the common grounds in the parish of West Stafford cum Froom Bellet in the county of Dorset. [1736.]'.
=500  \\$aCaption title.
=500  \\$aPrinters' ornaments; woodcut factotum.
=500  \\$aSignatures: A² [B]².
=510  4\$aESTC,$cT45493
=530  \\$aAlso available on microfilm and in the U.K. Parliamentary Papers database which can be accessed by on-site users.
=650  \0$aCommons$zEngland$zDorset$vEarly works to 1800.
=655  \7$aBills.$2rbgenr
=752  \\$aGreat Britain$bEngland$dLondon.
=852  41$aBritish Library$bHMNTS$jB.S.Ref.2/8.(58)
=856  41$uhttps://parlipapers.proquest.com/parlipapers/docview/t70.d75.pb-000820?$yProquest U.K. Parliamentary Papers
=CAT  \\$a3251$b40$c20201013$lBLL01$h1533
=FIN  \\$aY$d20201013
=FMT  \\$a  BK
=LAS  \\$a3251$b40$c20201013$lBLL01$h1533
=SRC  \\$aESTC

