=LDR  02020 am a2200445   4500
=001  018738706
=003  Uk
=005  20180209144056.0
=008  791208s1775\\\\enk\\\\\\\\\\o000\0\eng\c
=035  \\$a(Uk-ES)006350815
=040  \\$aUk-ES$cUk-ES$dCU-RivES$dCStRLIN$dCU-RivES$dUk-ES$edcrmb
=110  1\$aGreat Britain.$bParliament.
=240  10$aBills. 1775-03-07
=245  13$aAn act for dividing, allotting, and inclosing the open and common fields, common meadows, common pastures, and all other the commonable grounds, in the hamlet or tythings of Broadwell and Filkins, in the manor and parish of Broadwell, otherwise Broadwell Saint-John, in the county of Oxford.
=264  \1$a[London] :$b[s.n.],$c[1775]
=300  \\$a24, [2] pages ;$c33 cm (2º)
=340  \\$m2º
=500  \\$aCaption title.
=500  \\$aWith a docket title dated 1775.
=500  \\$aEnacted: Private Acts, 15 Geo.III.c.40.
=500  \\$aWoodcut ornaments; woodcut factotum.
=500  \\$aSignatures: A-E² F²(-F2) G².
=510  4\$aESTC,$cT80168
=530  \\$aAlso available on microfilm and in the U.K. Parliamentary Papers database which can be accessed by on-site users.
=650  \0$aCommons$zEngland$zOxfordshire$vEarly works to 1800.
=655  \7$aBills.$2rbgenr
=700  0\$aGeorge$bIII,$cKing of Great Britain,$d1738-1820,$eformer owner.$5Uk
=700  0\$aGeorge$bIV,$cKing of Great Britain,$d1762-1830,$edonor.$5Uk
=752  \\$aGreat Britain$bEngland$dLondon.
=852  41$aBritish Library$bHMNTS$j216.i.1.(6)
=852  41$aBritish Library$bHMNTS$jB.S.Ref.2/46.(34)
=856  41$uhttps://parlipapers.proquest.com/parlipapers/docview/t70.d75.pb-002940?$yProquest U.K. Parliamentary Papers
=985  \\$aCorrected by MS generated file for WR# 1805-0738
=CAT  \\$a3251$b40$c20180209$lBLL01$h1440
=CAT  \\$a1805-0738$c20190111$lBLL01$h1809
=CAT  \\$a1805-0738$b00$c20190111$lBLL01$h1829
=FIN  \\$aY$d20180209
=FMT  \\$a  BK
=LAS  \\$a1805-0738$b00$c20190111$lBLL01$h1829
=SRC  \\$aESTC

