=LDR  01870 am a2200445   4500
=001  018738725
=003  Uk
=005  20180209152340.0
=008  791208s1775\\\\enk\\\\\\\\\\o000\0\eng\c
=035  \\$a(Uk-ES)006350813
=040  \\$aUk-ES$cUk-ES$dCU-RivES$dCStRLIN$dCU-RivES$dUk-Es$edcrmb
=110  1\$aGreat Britain.$bParliament.
=240  10$aBills. 1775-03-29
=245  13$aAn act for dividing and inclosing the commons and common meadows in the liberty of Brinsley in the parish of Greasley, in the county of Nottingham.
=264  \1$a[London] :$b[s.n.],$c[1775]
=300  \\$a18 pages ;$c33 cm (2º)
=340  \\$m2º
=500  \\$aCaption title.
=500  \\$aWith a docket title, dated 1775.
=500  \\$aEnacted: Private Acts, 15 Geo.III.c.71.
=500  \\$aWoodcut ornaments; woodcut factotum.
=500  \\$aSignatures: A-D² [chi]1.
=510  4\$aESTC,$cT80166
=530  \\$aAlso available on microfilm and in the U.K. Parliamentary Papers database which can be accessed by on-site users.
=650  \0$aCommons$zEngland$zNottinghamshire$vEarly works to 1800.
=655  \7$aBills.$2rbgenr
=700  0\$aGeorge$bIII,$cKing of Great Britain,$d1738-1820,$eformer owner.$5Uk
=700  0\$aGeorge$bIV,$cKing of Great Britain,$d1762-1830,$edonor.$5Uk
=752  \\$aGreat Britain$bEngland$dLondon.
=852  41$aBritish Library$bHMNTS$j216.i.1.(8)
=852  41$aBritish Library$bHMNTS$jB.S.Ref.2/47.(20)
=856  41$uhttps://parlipapers.proquest.com/parlipapers/docview/t70.d75.pb-002971?$yProquest U.K. Parliamentary Papers
=985  \\$aCorrected by MS generated file for WR# 1805-0738
=CAT  \\$a3251$b40$c20180209$lBLL01$h1523
=CAT  \\$a1805-0738$c20190111$lBLL01$h1809
=CAT  \\$a1805-0738$b00$c20190111$lBLL01$h1829
=FIN  \\$aY$d20180209
=FMT  \\$a  BK
=LAS  \\$a1805-0738$b00$c20190111$lBLL01$h1829
=SRC  \\$aESTC

