=LDR  02105cam a2200481   4500
=001  018742223
=003  Uk
=005  20180213100951.0
=008  791208s1775\\\\enk\\\\\\\\\\o000\0\eng\c
=035  \\$a(Uk-ES)006350809
=040  \\$aUk-ES$cUk-ES$dCU-RivES$dCStRLIN$dCU-RivES$dUk-ES$edcrmb
=110  1\$aGreat Britain.$bParliament.
=240  10$aBills. 1775-04-10
=245  13$aAn act for dividing and inclosing the open common fields, lands, pastures, and commonable grounds within the township, liberties and precincts of Claydon, in the parish of Cropredy, in the county of Oxford.
=264  \1$aLondon :$bprinted by T. Bensley, No 2, Swan-Yard, Strand,$c[1775]
=300  \\$a30 pages ;$c33 cm (2º)
=340  \\$m2º
=500  \\$aCaption title
=500  \\$aWith a docket title.
=500  \\$aImprint at foot of title page.
=500  \\$aEnacted: Private Acts. 15 Geo.III.c.82.
=500  \\$aWoodcut ornaments; woodcut initial.
=500  \\$aSignatures: A-G² [chi]1.
=510  4\$aESTC,$cT80162
=530  \\$aAlso available on microfilm and in the U.K. Parliamentary Papers database which can be accessed by on-site users.
=650  \0$aCommons$zEngland$zOxfordshire$vEarly works to 1800.
=655  \7$aBills.$2rbgenr
=700  1\$aBensley, Thomas,$d1759-1835,$eprinter.
=700  0\$aGeorge$bIII,$cKing of Great Britain,$d1738-1820,$eformer owner.$5Uk
=700  0\$aGeorge$bIV,$cKing of Great Britain,$d1762-1830,$edonor.$5Uk
=752  \\$aGreat Britain$bEngland$dLondon.
=852  41$aBritish Library$bHMNTS$jB.S.Ref.2/47.(31)
=852  41$aBritish Library$bHMNTS$j216.i.1.(12)
=856  41$uhttps://parlipapers.proquest.com/parlipapers/docview/t70.d75.pb-002982?$yProquest U.K. Parliamentary Papers
=985  \\$aCorrected by MS generated file for WR# 1805-0738
=CAT  \\$a3251$b40$c20180213$lBLL01$h1009
=CAT  \\$a1805-0738$c20190111$lBLL01$h1809
=CAT  \\$a1805-0738$b00$c20190111$lBLL01$h1829
=CAT  \\$aBATCH-UPD$b00$c20231003$lBLL01$h2320
=FIN  \\$aY$d20180213
=FMT  \\$a  BK
=LAS  \\$aBATCH-UPD$b00$c20231003$lBLL01$h2320
=SRC  \\$aESTC

