=LDR  01920 am a2200457   4500
=001  018745389
=003  Uk
=005  20180214124641.0
=008  791208s1775\\\\enk\\\\\\\\\\o000\0\eng\c
=035  \\$a(Uk-ES)006350806
=040  \\$aUk-ES$cUk-ES$dCU-RivES$dCStRLIN$dCU-RivES$dUk-ES$edcrmb
=110  1\$aGreat Britain.$bParliament.
=240  10$aBills. 1775-02-02
=245  13$aAn act for dividing and inclosing the open fields, and a parcel of common or waste ground, in the manors of Goodmanham, in the county of Yorks.
=264  \1$a[London] :$b[s.n.],$c[1775]
=300  \\$a21, [1] pages ;$c33 cm (2º)
=340  \\$m2º
=500  \\$aCaption title.
=500  \\$aWith a docket title, dated 1775.
=500  \\$aEnacted: Private Acts, 15 Geo.III.c.12.
=500  \\$aWoodcut head-piece; woodcut factotum.
=500  \\$aSignatures: A-D² E²(-E) F².
=510  4\$aESTC,$cT80159
=530  \\$aAlso available on microfilm and in the U.K. Parliamentary Papers database which can be accessed by on-site users.
=650  \0$aCommons$zEngland$zYorkshire$vEarly works to 1800.
=655  \7$aBills.$2rbgenr
=700  0\$aGeorge$bIII,$cKing of Great Britain,$d1738-1820,$eformer owner.$5Uk
=700  0\$aGeorge$bIV,$cKing of Great Britain,$d1762-1830,$edonor.$5Uk
=752  \\$aGreat Britain$bEngland$dLondon.
=852  41$aBritish Library$bHMNTS$j216.i.1.(15)
=852  41$aBritish Library$bHMNTS$jB.S.Ref.2/46.(10)
=856  41$uhttps://parlipapers.proquest.com/parlipapers/docview/t70.d75.pb-002916?$yProquest U.K. Parliamentary Papers
=985  \\$aCorrected by MS generated file for WR# 1805-0738
=CAT  \\$a3251$b40$c20180214$lBLL01$h1244
=CAT  \\$a3251$b40$c20180214$lBLL01$h1246
=CAT  \\$a1805-0738$c20190111$lBLL01$h1809
=CAT  \\$a1805-0738$b00$c20190111$lBLL01$h1829
=FIN  \\$aY$d20180214
=FMT  \\$a  BK
=LAS  \\$a1805-0738$b00$c20190111$lBLL01$h1829
=SRC  \\$aESTC

