=LDR  01976 am a2200445   4500
=001  018746573
=003  Uk
=005  20180215103154.0
=008  791208s1775\\\\enk\\\\\\\\\\o000\0\eng\c
=035  \\$a(Uk-ES)006350823
=040  \\$aUk-ES$cUk-ES$dCU-RivES$dCStRLIN$dCU-RivES$dUk-ES$edcrmb
=110  1\$aGreat Britain.$bParliament.
=240  10$aBills. 1774-12-21
=245  13$aAn act for dividing and inclosing the open fields, meadows, and common pastures, within the district of Normaton, in the parish of Southwell, in the county of Nottingham;$band also the open meadow, called cow meadow, in the said parish of Southwell.
=264  \1$a[London] :$b[s.n.],$c[1775]
=300  \\$a29, [1] pages ;$c33 cm (2º)
=340  \\$m2º
=500  \\$aCaption title.
=500  \\$aWith a docket title, dated 1775.
=500  \\$aEnacted: Private Acts, 15 Geo.III.c.3.
=500  \\$aWoodcut ornaments; woodcut factotum.
=500  \\$aSignatures: A-G² [chi]1.
=510  4\$aESTC,$cT80176
=530  \\$aAlso available on microfilm and in the U.K. Parliamentary Papers database which can be accessed by on-site users.
=650  \0$aCommons$zEngland$zNottinghamshire$vEarly works to 1800.
=655  \7$aBills.$2rbgenr
=700  0\$aGeorge$bIII,$cKing of Great Britain,$d1738-1820,$eformer owner.$5Uk
=700  0\$aGeorge$bIV,$cKing of Great Britain,$d1762-1830,$edonor.$5Uk
=752  \\$aGreat Britain$bEngland$dLondon.
=852  41$aBritish Library$bHMNTS$j216.i.1.(26)
=852  41$aBritish Library$bHMNTS$jB.S.Ref.2/46.(3)
=856  41$uhttps://parlipapers.proquest.com/parlipapers/docview/t70.d75.pb-002909?$yProquest U.K. Parliamentary Papers
=985  \\$aCorrected by MS generated file for WR# 1805-0738
=CAT  \\$a3251$b40$c20180215$lBLL01$h1031
=CAT  \\$a1805-0738$c20190111$lBLL01$h1809
=CAT  \\$a1805-0738$b00$c20190111$lBLL01$h1830
=FIN  \\$aY$d20180215
=FMT  \\$a  BK
=LAS  \\$a1805-0738$b00$c20190111$lBLL01$h1830
=SRC  \\$aESTC

