=LDR  01874 am a2200457   4500
=001  018803580
=003  Uk
=005  20180319144232.0
=008  791208s1775\\\\enk\\\\\\\\\\o000\0\eng\c
=035  \\$a(Uk-ES)006350836
=040  \\$aUk-ES$cUk-ES$dCStRLIN$dUk-ES$edcrmb
=110  1\$aGreat Britain.$bParliament.
=240  10$aBills. 1775-02-20
=245  13$aAn act for dividing, inclosing, and allotting the several commons and waste lands, within the manor and parish of Wolverley, in the county of Worcester.
=264  \1$a[London] :$b[s.n.],$c[1775]
=300  \\$a27, [1] pages ;$c33 cm (2º)
=340  \\$m2º
=500  \\$aCaption title.
=500  \\$aWith a docket title.
=500  \\$aEnacted: Private Acts, 15 Geo.III.c.25.
=500  \\$aWoodcut ornaments; woodcut factotum.
=500  \\$aSignatures: A-G².
=510  4\$aESTC,$cT80189
=530  \\$aAlso available on microfilm and in the U.K. Parliamentary Papers database which can be accessed by on-site users.
=648  \7$a1701-1800$2local
=650  \0$aCommons$zEngland$zWorcestershire$vEarly works to 1800.
=655  \7$aBills.$2rbgenr
=700  0\$aGeorge$bIII,$cKing of Great Britain,$d1738-1820,$eformer owner.$5Uk
=700  0\$aGeorge$bIV,$cKing of Great Britain,$d1762-1830,$edonor.$5Uk
=752  \\$aGreat Britain$bEngland$dLondon.
=852  41$aBritish Library$bHMNTS$jB.S.Ref.2/46.(20)
=852  41$aBritish Library$bHMNTS$j216.i.1.(40)
=856  41$uhttps://parlipapers.proquest.com/parlipapers/docview/t70.d75.pb-002926?$yProquest U.K. Parliamentary Papers
=985  \\$aCorrected by MS generated file for WR# 1805-0738
=CAT  \\$a3251$b40$c20180319$lBLL01$h1442
=CAT  \\$a1805-0738$c20190111$lBLL01$h1812
=CAT  \\$a1805-0738$b00$c20190111$lBLL01$h1832
=FIN  \\$aY$d20180319
=FMT  \\$a  BK
=LAS  \\$a1805-0738$b00$c20190111$lBLL01$h1832
=SRC  \\$aESTC

