=LDR  01989 am a2200433   4500
=001  018808437
=003  Uk
=005  20180321122031.0
=008  800314s1775\\\\enk\\\\\\\\\\o000\0\eng\c
=035  \\$a(Uk-ES)006351300
=040  \\$aUk-ES$cUk-ES$dCStRLIN$dUk-ES$edcrmb
=110  1\$aGreat Britain.$bParliament.
=240  10$aBills. 1775-03-21
=245  13$aAn act for vesting certain manors, messuages, lands, rents, and hereditaments, in the counties of Kent and Middlesex, part of the settled estates of Meliora Dicconson, the wife of William Dicconson Esquire, in trustees, to be sold;$band for investing the money, arising by such sale, in the purchase of other lands and hereditaments, to be settled to the same uses.
=264  \1$a[London] :$b[s.n.],$c[1775]
=300  \\$a36 pages ;$c33 cm (2º)
=340  \\$m2º
=500  \\$aCaption title.
=500  \\$aWith a docket title, dated 1775.
=500  \\$aEnacted: Private Acts, 15 Geo.III.c.52.
=500  \\$aWoodcut ornaments; woodcut factotum.
=500  \\$aSignatures: A-I².
=510  4\$aESTC,$cT80669
=530  \\$aAlso available on microfilm and in the U.K. Parliamentary Papers database which can be accessed by on-site users.
=655  \7$aBills.$2rbgenr
=700  0\$aGeorge$bIII,$cKing of Great Britain,$d1738-1820,$eformer owner.$5Uk
=700  0\$aGeorge$bIV,$cKing of Great Britain,$d1762-1830,$edonor.$5Uk
=752  \\$aGreat Britain$bEngland$dLondon.
=852  41$aBritish Library$bHMNTS$jB.S.Ref.2/47.(1)
=852  41$aBritish Library$bHMNTS$j216.i.1.(51)
=856  41$uhttps://parlipapers.proquest.com/parlipapers/docview/t70.d75.pb-002952?$yProquest U.K. Parliamentary Papers
=985  \\$aCorrected by MS generated file for WR# 1805-0738
=CAT  \\$a3251$b40$c20180321$lBLL01$h1220
=CAT  \\$a1805-0738$c20190111$lBLL01$h1813
=CAT  \\$a1805-0738$b00$c20190111$lBLL01$h1832
=FIN  \\$aY$d20180321
=FMT  \\$a  BK
=LAS  \\$a1805-0738$b00$c20190111$lBLL01$h1832
=SRC  \\$aESTC

