=LDR  01925 am a2200433   4500
=001  018808442
=003  Uk
=005  20180321123141.0
=008  791208s1775\\\\enk\\\\\\\\\\o000\0\eng\c
=035  \\$a(Uk-ES)006351301
=040  \\$aUk-ES$bdcrmb$cUk-ES$dCStRLIN$dUk-ES
=110  1\$aGreat Britain.$bParliament.
=240  10$aBills. 1775-04-10
=245  13$aAn act for empowering the judges of the Court of Session in Scotland, to sell such part or parts of the estate of Ednam in the county of Roxburgh, formerly belonging to James Dickson, Esquire, deceased, and now to Captain William Dickson, as shall be sufficient for payment of the debts affecting the same.
=264  \1$a[London] :$b[s.n.],$c[1775]
=300  \\$a9, [1] pages ;$c33 cm (2º)
=340  \\$m2º
=500  \\$aCaption title.
=500  \\$aWith a docket title.
=500  \\$aEnacted: Private Acts, 15 Geo.III.c.56.
=500  \\$aWoodcut headpiece; woodcut factotum.
=500  \\$aSignatures: A-B² C1.
=510  4\$aESTC,$cT80670
=530  \\$aAlso available on microfilm and in the U.K. Parliamentary Papers database which can be accessed by on-site users.
=655  \7$aBills.$2rbgenr
=700  0\$aGeorge$bIII,$cKing of Great Britain,$d1738-1820,$eformer owner.$5Uk
=700  0\$aGeorge$bIV,$cKing of Great Britain,$d1762-1830,$edonor.$5Uk
=752  \\$aGreat Britain$bEngland$dLondon.
=852  41$aBritish Library$bHMNTS$jB.S.Ref.2/47.(5)
=852  41$aBritish Library$bHMNTS$j216.i.1.(52)
=856  41$uhttps://parlipapers.proquest.com/parlipapers/docview/t70.d75.pb-002956?$yProquest U.K. Parliamentary Papers
=985  \\$aCorrected by MS generated file for WR# 1805-0738
=CAT  \\$a3251$b40$c20180321$lBLL01$h1231
=CAT  \\$a1805-0738$c20190111$lBLL01$h1813
=CAT  \\$a1805-0738$b00$c20190111$lBLL01$h1832
=FIN  \\$aY$d20180321
=FMT  \\$a  BK
=LAS  \\$a1805-0738$b00$c20190111$lBLL01$h1832
=SRC  \\$aESTC

