=LDR  02090 am a2200397   4500
=001  018808452
=003  Uk
=005  20180321130414.0
=008  791208s1775\\\\enk\\\\\\\\\\o000\0\eng\c
=035  \\$a(Uk-ES)006351308
=040  \\$aUk-ES$cUk-ES$dCStRLIN$dUk-ES$edcrmb
=110  1\$aGreat Britain.$bParliament.
=240  10$aBills. 1775-05-04
=245  13$aAn act for explaning, amending, and enlarging the powers granted by an act passed in the eighteenth year of his late Majesty King George the Second, intitled, "An act for sale of certain leasehold estates late of Sarah Eaton,deceased and by her devised to the provost, fellows, amd scholars of Worcester College, in the University of Oxford, and for laying out the money arising thereby in the purchase of fee-simple estates, and for other purposes therein mentioned;" and for indemnifying the acting trustee or trustees appointed under the said act for having expended a larger sum of money than allowed by that act;$band for other purposes therein mentioned.
=264  \1$a[London] :$b[s.n.],$c[1775]
=300  \\$a14, [2] pages ;$c33 cm (2º)
=340  \\$m2º
=500  \\$aWith a docket title, dated 1775.
=500  \\$aEnacted: Private Acts 15 Geo.III.c.94.
=500  \\$aCpation title.
=500  \\$aWoodcut head-piece (royal arms); woodcut factotum.
=500  \\$aSignatures: A-D².
=510  4\$aESTC,$cT80677
=530  \\$aAlso available on microfilm and in the U.K. Parliamentary Papers database which can be accessed by on-site users.
=655  \7$aBills.$2rbgenr
=752  \\$aGreat Britain$bEngland$dLondon.
=852  41$aBritish Library$bHMNTS$jB.S.Ref.2/47.(42)
=856  41$uhttps://parlipapers.proquest.com/parlipapers/docview/t70.d75.pb-002993?$yProquest U.K. Parliamentary Papers
=985  \\$aCorrected by MS generated file for WR# 1805-0738
=CAT  \\$a3251$b40$c20180321$lBLL01$h1304
=CAT  \\$a1805-0738$c20190111$lBLL01$h1813
=CAT  \\$a1805-0738$b00$c20190111$lBLL01$h1832
=FIN  \\$aY$d20180321
=FMT  \\$a  BK
=LAS  \\$a1805-0738$b00$c20190111$lBLL01$h1832
=SRC  \\$aESTC

