=LDR  02280 am a2200433   4500
=001  018808529
=003  Uk
=005  20180321142645.0
=008  791208s1775\\\\enk\\\\\\\\\\o000\0\eng\c
=035  \\$a(Uk-ES)006351302
=040  \\$aUk-ES$cUk-ES$dCStRLIN$dUk-ES$edcrmb
=110  1\$aGreat Britain.$bParliament.
=240  10$aBills. 1775-04-10
=245  13$aAn act for appointing new trustees to carry into execution an act passed in the eighth year of His present Majesty's reign, intituled, "An act for the more effectually carrying into execution an act made in the sixth year of the reign of his present majesty, intituled, An act for vesting in trustees the settled estate of Washington Earl Ferrers, in the county of Derby, to be sold for satisfying the incumbrances and portions affecting the same, and the rest of the settles estate, and for other purposes therein mentioned," in the room and stead of those appointed by the said act, who are desirous of resigning the trust thereby reposed in them.
=264  \1$a[London] :$b[s.n.],$c[1775]
=300  \\$a10 pages ;$c33 cm (2º)
=340  \\$m2º
=500  \\$aWith a docket title dated 1775.
=500  \\$aEnacted: Private Acts, 15 Geo.III.c.89.
=500  \\$aCaption title.
=500  \\$aWoodcut ornaments; woodcut factotum.
=500  \\$aSignatures: A-B² [chi]1.
=510  4\$aESTC,$cT80671
=530  \\$aAlso available on microfilm and in the U.K. Parliamentary Papers database which can be accessed by on-site users.
=655  \7$aBills.$2rbgenr
=700  0\$aGeorge$bIII,$cKing of Great Britain,$d1738-1820,$eformer owner.$5Uk
=700  0\$aGeorge$bIV,$cKing of Great Britain,$d1762-1830,$edonor.$5Uk
=752  \\$aGreat Britain$bEngland$dLondon.
=852  41$aBritish Library$bHMNTS$jB.S.Ref.2/47.(37)
=852  41$aBritish Library$bHMNTS$j216.i.1.(55)
=856  41$uhttps://parlipapers.proquest.com/parlipapers/docview/t70.d75.pb-002988?$yProquest U.K. Parliamentary Papers
=985  \\$aCorrected by MS generated file for WR# 1805-0738
=CAT  \\$a3251$b40$c20180321$lBLL01$h1426
=CAT  \\$a1805-0738$c20190111$lBLL01$h1813
=CAT  \\$a1805-0738$b00$c20190111$lBLL01$h1832
=FIN  \\$aY$d20180321
=FMT  \\$a  BK
=LAS  \\$a1805-0738$b00$c20190111$lBLL01$h1832
=SRC  \\$aESTC

