=LDR  01864 am a2200397   4500
=001  018809145
=003  Uk
=005  20180322152811.0
=008  791208s1775\\\\enk\\\\\\\\\\o000\0\eng\c
=035  \\$a(Uk-ES)006350798
=040  \\$aUk-ES$cUk-ES$dCStRLIN$dUk-ES$edcrmb
=110  1\$aGreat Britain.$bParliament.
=240  10$aBills. 1775-03-03
=245  13$aAn act for declaring certain lands allotted to John Harrison Esquire, in the parish of Bishop Norton, in the county of Lincoln, to be copyhold and freehold respectively, pursuant to the Award of the commissioners appointed by an act of Parliament of the eleventh year of the reign of his present Majesty, "for dividing and inclosing certain open fields, lands, and grounds, in the township and parish of Bishop Norton, in the county of Lincoln."
=264  \1$a[London] :$b[s.n.],$c[1775]
=300  \\$a5, [1] pages ;$c33 cm (2º)
=340  \\$m2º
=500  \\$aCaption title.
=500  \\$aWith a docket title dated 1775.
=500  \\$aEnacted: Private Acts, 15 Geo.III.c.22.
=500  \\$aWoodcut ornaments; woodcut factotum.
=500  \\$aSignatures: A² [chi]1.
=510  4\$aESTC,$cT80151
=530  \\$aAlso available on microfilm and in the U.K. Parliamentary Papers database which can be accessed by on-site users.
=655  \7$aBills$2rbgenr
=752  \\$aGreat Britain$bEngland$dLondon.
=852  41$aBritish Library$bHMNTS$jB.S.Ref.2/46.(17)
=856  41$uhttps://parlipapers.proquest.com/parlipapers/docview/t70.d75.pb-002923?$yProquest U.K. Parliamentary Papers
=985  \\$aCorrected by MS generated file for WR# 1805-0738
=CAT  \\$a3251$b40$c20180322$lBLL01$h1528
=CAT  \\$a1805-0738$c20190111$lBLL01$h1813
=CAT  \\$a1805-0738$b00$c20190111$lBLL01$h1832
=FIN  \\$aY$d20180322
=FMT  \\$a  BK
=LAS  \\$a1805-0738$b00$c20190111$lBLL01$h1832
=SRC  \\$aESTC

