=LDR  02140 am a2200445   4500
=001  018811359
=003  Uk
=005  20180326101340.0
=008  791208s1775\\\\enk\\\\\\\\\\o000\0\eng\c
=035  \\$a(Uk-ES)006350782
=040  \\$aUk-ES$cUk-ES$dCStRLIN$dUk-ES$edcrmb
=110  1\$aGreat Britain.$bParliament.
=240  10$aBills. 1775-03-20
=245  13$aAn act for the sale and enfranchisement of certain copyhold tenements and premisses, in the parish of Leeds, in the county of York, part of the estate belonging to the free grammar school there, for the purpose of erecting a public cloth hall, and making avenues or passages thereto; and for applying the purchase money for the benefit of the said school.
=264  \1$a[London] :$b[s.n.],$c[1775]
=300  \\$a9, [1] pages ;$c33 cm (2º)
=340  \\$m2º
=500  \\$aWith a docket title dated 1775.
=500  \\$aEnacted: Private Acts, 15 Geo.III.c.90.
=500  \\$aA later edition of 'An act for the sale of certain freehold and copyhold estates, in the parish of Leeds, in the county of York'.
=500  \\$aCaption title.
=500  \\$aWoodcut ornaments; woodcut factotum.
=500  \\$aSignatures: A² B²(-B2) C².
=510  4\$aESTC,$cT80135
=530  \\$aAlso available on microfilm and in the U.K. Parliamentary Papers database which can be accessed by on-site users.
=655  \7$aBills.$2rbgenr
=700  0\$aGeorge$bIII,$cKing of Great Britain,$d1738-1820,$eformer owner.$5Uk
=700  0\$aGeorge$bIV,$cKing of Great Britain,$d1762-1830,$edonor.$5Uk
=752  \\$aGreat Britain$bEngland$dLondon.
=852  41$aBritish Library$bHMNTS$jB.S.Ref.2/47.(38)
=852  41$aBritish Library$bHMNTS$j216.i.1.(64)
=856  41$uhttps://parlipapers.proquest.com/parlipapers/docview/t70.d75.pb-002989?$yProquest U.K. Parliamentary Papers
=985  \\$aCorrected by MS generated file for WR# 1805-0738
=CAT  \\$a3251$b40$c20180326$lBLL01$h1013
=CAT  \\$a1805-0738$c20190111$lBLL01$h1813
=CAT  \\$a1805-0738$b00$c20190111$lBLL01$h1832
=FIN  \\$aY$d20180326
=FMT  \\$a  BK
=LAS  \\$a1805-0738$b00$c20190111$lBLL01$h1832
=SRC  \\$aESTC

