=LDR  02155 am a2200433   4500
=001  018811361
=003  Uk
=005  20180326102051.0
=008  791208s1775\\\\enk\\\\\\\\\\o000\0\eng\c
=035  \\$a(Uk-ES)006351313
=040  \\$aUk-ES$cUk-ES$dCStRLIN$dUk-ES$edcrmb
=110  1\$aGreat Britain.$bParliament.
=240  10$aBills. 1775-03-20
=245  13$aAn act to subject and charge the prebend manor of Mych Milton, in the county of Oxford, and the lands, tenements, and hereditanents thereunto belonging, with the payment of two several perpetual yearly rentcharges or annual payments to the Reverend John Wheeldon and his successors, prebendaries of the prebend of Mych Milton aforesaid; and for divesting the fee-simple and inheritance thereof out of him and his successors; and for vesting the sames do charged in the Reverend Charles Sturges, his heirs and assigns.
=264  \1$a[London] :$b[s.n.],$c[1775]
=300  \\$a8, [2] pages ;$c33 cm (2º)
=340  \\$m2º
=500  \\$aWith a docket title, dated 1775
=500  \\$aEnacted: Private Acts, 15 Geo.III.c.55.
=500  \\$aCaption title.
=500  \\$aWoodcut ornaments; woodcut factotum.
=500  \\$aSignatures: A² B²(-B2) C².
=510  4\$aESTC,$cT80682
=530  \\$aAlso available on microfilm and in the U.K. Parliamentary Papers database which can be accessed by on-site users.
=655  \7$aBills.$2rbgenr
=700  0\$aGeorge$bIII,$cKing of Great Britain,$d1738-1820,$eformer owner.$5Uk
=700  0\$aGeorge$bIV,$cKing of Great Britain,$d1762-1830,$edonor.$5Uk
=752  \\$aGreat Britain$bEngland$dLondon.
=852  41$aBritish Library$bHMNTS$jB.S.Ref.2/47.(4)
=852  41$aBritish Library$bHMNTS$j216.i.1.(65)
=856  41$uhttps://parlipapers.proquest.com/parlipapers/docview/t70.d75.pb-002955?$yProquest U.K. Parliamentary Papers
=985  \\$aCorrected by MS generated file for WR# 1805-0738
=CAT  \\$a3251$b40$c20180326$lBLL01$h1020
=CAT  \\$a1805-0738$c20190111$lBLL01$h1813
=CAT  \\$a1805-0738$b00$c20190111$lBLL01$h1832
=FIN  \\$aY$d20180326
=FMT  \\$a  BK
=LAS  \\$a1805-0738$b00$c20190111$lBLL01$h1832
=SRC  \\$aESTC

