=LDR  02356 am a2200445   4500
=001  018811448
=003  Uk
=005  20180326125200.0
=008  791208s1775\\\\enk\\\\\\\\\\o000\0\eng\c
=035  \\$a(Uk-ES)006350785
=040  \\$aUk-ES$cUk-ES$dCU-RivES$dCStRLIN$dCU-RivES$dUk-ES$edcrmb
=110  1\$aGreat Britain.$bParliament.
=240  10$aBills. 1775-04-12
=245  13$aAn act for confirming and rendering effectual a partition and division made by and between Sir James Pennyman, Baronet, Charles Anderson Pelham, Esquire, and Michael Newton, Esquire, of divers manors, lands and herediatments in the counties of York, Lincoln and Middlesex, and city of London, late estates of Sir Michael Warton, knight, deceased and for settling and limiting the entire and specifick parts and shares which, upon the said partition and division have been allotted to each of them, to the several uses therein mentioned.
=264  \1$a[London] :$b[s.n.],$c[1775]
=300  \\$a39, [1], 5-39, [1] pages, tables ;$c33 cm (2º)
=340  \\$m2º
=500  \\$aCaption title.
=500  \\$aWith a docket title, dated 1775.
=500  \\$aEnacted: Private Acts, 15 Geo.III.c.49.
=500  \\$aContains eight folding tables, printed on the recto only, four placed at either end of the second pagination sequence.
=500  \\$aWoodcut ornaments; woodcut factotum.
=500  \\$aSignatures: A-K² ²A-H² [chi]².
=510  4\$aESTC,$cT80138
=530  \\$aAlso available on microfilm and in the U.K. Parliamentary Papers database which can be accessed by on-site users.
=655  \7$aBills.$2rbgenr
=700  0\$aGeorge$bIII,$cKing of Great Britain,$d1738-1820,$eformer owner.$5Uk
=700  0\$aGeorge$bIV,$cKing of Great Britain,$d1762-1830,$edonor.$5Uk
=752  \\$aGreat Britain$bEngland$dLondon.
=852  41$aBritish Library$bHMNTS$j216.i.1.(70)
=852  41$aBritish Library$bHMNTS$jB.S.Ref.2/46.(41)
=856  41$uhttps://parlipapers.proquest.com/parlipapers/docview/t70.d75.pb-002947?$yProquest U.K. Parliamentary Papers
=985  \\$aCorrected by MS generated file for WR# 1805-0738
=CAT  \\$a3251$b40$c20180326$lBLL01$h1252
=CAT  \\$a1805-0738$c20190111$lBLL01$h1813
=CAT  \\$a1805-0738$b00$c20190111$lBLL01$h1832
=FIN  \\$aY$d20180326
=FMT  \\$a  BK
=LAS  \\$a1805-0738$b00$c20190111$lBLL01$h1832
=SRC  \\$aESTC

