=LDR  02138 am a2200445   4500
=001  018812204
=003  Uk
=005  20180327130619.0
=008  791208s1775\\\\enk\\\\\\\\\\o000\0\eng\c
=035  \\$a(Uk-ES)006350793
=040  \\$aUk-ES$cUk-ES$dCU-RivES$dCStRLIN$dCU-RivES$dUk-ES$edcrmb
=110  1\$aGreat Britain.$bParliament.
=240  10$aBills. 1775-04-28
=245  13$aAn act to confirm several building leases, already granted by the Right Honourable the Earl of Sefton, of the kingdom of Ireland, of part of his settled estates in the county of Lancaster, and to enable him during his life, and after his decease, the trustee during the minority of any infant, to grant other building and improving leases, and for purposes in the said act mentioned.
=264  \1$a[London] :$b[s.n.],$c[1775]
=300  \\$a30, [2] pages ;$c33 cm (2º)
=340  \\$m2º
=500  \\$aWith a docket title, dated 1775.
=500  \\$aEnacted: Private Acts, 15 Geo.III.c.91.
=500  \\$aCaption title.
=500  \\$aWoodcut ornaments; woodcut factotum.
=500  \\$aA variant has leaf H1 missigned "G1" and there are no marginal notes on this leaf.
=500  \\$aSignatures: [A]² B-H².
=510  4\$aESTC,$cT80146
=530  \\$aAlso available on microfilm and in the U.K. Parliamentary Papers database which can be accessed by on-site users.
=655  \7$aBills.$2rbgenr
=700  0\$aGeorge$bIII,$cKing of Great Britain,$d1738-1820,$eformer owner.$5Uk
=700  0\$aGeorge$bIV,$cKing of Great Britain,$d1762-1830,$edonor.$5Uk
=752  \\$aGreat Britain$bEngland$dLondon.
=852  41$aBritish Library$bHMNTS$j216.i.1.(80)
=852  41$aBritish Library$bHMNTS$jB.S.Ref.2/47.(39)
=856  41$uhttps://parlipapers.proquest.com/parlipapers/docview/t70.d75.pb-002990?$yProquest U.K. Parliamentary Papers
=985  \\$aCorrected by MS generated file for WR# 1805-0738
=CAT  \\$a3251$b40$c20180327$lBLL01$h1306
=CAT  \\$a1805-0738$c20190111$lBLL01$h1813
=CAT  \\$a1805-0738$b00$c20190111$lBLL01$h1832
=FIN  \\$aY$d20180327
=FMT  \\$a  BK
=LAS  \\$a1805-0738$b00$c20190111$lBLL01$h1832
=SRC  \\$aESTC

