=LDR  02121 am a2200433   4500
=001  018812260
=003  Uk
=005  20180327142523.0
=008  791208s1775\\\\enk\\\\\\\\\\o000\0\eng\c
=035  \\$a(Uk-ES)006350790
=040  \\$aUk-ES$cUk-ES$dCStRLIN$dUk-ES$ddcrmb
=110  1\$aGreat Britain.$bParliament.
=240  10$aBills. 1775-03-07
=245  13$aAn act for exchanging certain lands and tenements, part of the estates comprized in the settlement made on the marriage of the Right Honourable George Lord Viscount Torrington, for certain lands and tenements belonging to the president and scholars of St. John Baptist College, in the University of Oxford;$band also for exchanging certain mills and lands belonging, likewise comprized in the said settlement, for certain lands and tenements belonging to John Dilly gentleman.
=264  \1$a[London] :$b[s.n.],$c[1775]
=300  \\$a24, [2] pages ;$c33 cm (2º)
=340  \\$m2º
=500  \\$aCaption title.
=500  \\$aWith a docket title, dated 1775.
=500  \\$aEnacted: Private Acts, 15 Geo.III.c.28.
=500  \\$aWoodcut head-piece; woodcut factotum.
=500  \\$aSignatures: A-E² F²(-F2) G².
=510  4\$aESTC,$cT80143
=530  \\$aAlso available on microfilm and in the U.K. Parliamentary Papers database which can be accessed by on-site users.
=655  \7$aBills.$2rbgrenr
=700  0\$aGeorge$bIII,$cKing of Great Britain,$d1738-1820,$eformer owner.$5Uk
=700  0\$aGeorge$bIV,$cKing of Great Britain,$d1762-1830,$edonor.$5Uk
=752  \\$aGreat Britain$bEngland$dLondon.
=852  41$aBritish Library$bHMNTS$jB.S.Ref.2/46.(22)
=852  41$aBritish Library$bHMNTS$j216.i.1.(82)
=856  41$uhttps://parlipapers.proquest.com/parlipapers/docview/t70.d75.pb-002928?$yProquest U.K. Parliamentary Papers
=985  \\$aCorrected by MS generated file for WR# 1805-0738
=CAT  \\$a3251$b40$c20180327$lBLL01$h1425
=CAT  \\$a1805-0738$c20190111$lBLL01$h1813
=CAT  \\$a1805-0738$b00$c20190111$lBLL01$h1832
=FIN  \\$aY$d20180327
=FMT  \\$a  BK
=LAS  \\$a1805-0738$b00$c20190111$lBLL01$h1832
=SRC  \\$aESTC

