=LDR  01968 am a2200445   4500
=001  018812271
=003  Uk
=005  20180327150025.0
=008  791208s1775\\\\enk\\\\\\\\\\o000\0\eng\c
=035  \\$a(Uk-ES)006351281
=040  \\$aUk-ES$cUk-ES$dCStRLIN$dUk-ES$edcrmb
=110  1\$aGreat Britain.$bParliament.
=240  10$aBills. 1775-03-21
=245  12$aA bill to enable the commissioners for executing the office of Treasurer of His Majesty's Exchequer, or the Lord High Treasurer for the time being, to compound with the representatives of Hugh Barlow, Herbert Lloyd, and William Skyrme, a debt due to His Majesty from William Williams deceased.
=264  \1$a[London] :$b[s.n.],$c[1775]
=300  \\$a5, [1] pages ;$c33 cm (2º)
=340  \\$m2º
=500  \\$aCaption title.
=500  \\$aWith a docket title, dated 15 Geo.III.1775.
=500  \\$aNot enacted.
=500  \\$aWoodcut head-piece; woodcut factotum.
=510  4\$aESTC,$cT80650
=530  \\$aAlso available on microfilm and in the U.K. Parliamentary Papers database which can be accessed by on-site users.
=655  \7$aBills.$2rbgenr
=700  0\$aGeorge$bIII,$cKing of Great Britain,$d1738-1820,$eformer owner.$5Uk
=700  0\$aGeorge$bIV,$cKing of Great Britain,$d1762-1830,$edonor.$5Uk
=752  \\$aGreat Britain$bEngland$dLondon.
=852  41$aBritish Library$bHMNTS$jB.S.Ref.2/46.(44)
=852  41$aBritish Library$bHMNTS$j216.i.1.(86)
=856  41$uhttps://parlipapers.proquest.com/parlipapers/docview/t70.d75.pb-002950?$yProquest U.K. Parliamentary Papers
=985  \\$aCorrected by MS generated file for WR# 1805-0738
=CAT  \\$a3251$b40$c20180327$lBLL01$h1440
=CAT  \\$a3251$b40$c20180327$lBLL01$h1456
=CAT  \\$a3251$b40$c20180327$lBLL01$h1500
=CAT  \\$a1805-0738$c20190111$lBLL01$h1813
=CAT  \\$a1805-0738$b00$c20190111$lBLL01$h1832
=FIN  \\$aY$d20180327
=FMT  \\$a  BK
=LAS  \\$a1805-0738$b00$c20190111$lBLL01$h1832
=SRC  \\$aESTC

