=LDR  02125 am a2200457   4500
=001  018871415
=003  Uk
=005  20180517120044.0
=008  791208s1777\\\\enk\\\\\\\\\\o000\0\eng\c
=035  \\$a(Uk-ES)006345632
=040  \\$aUk-ES$cUk-ES$dCStRLIN$dUk-ES$edcrmb
=110  1\$aGreat Britain.$bParliament.
=240  10$aBills. 1777-03-27
=245  13$aAn act for dividing and allotting the open and common fields, common meadows, common pastures, and other commonable grounds, in the tythings or liberties of Ramsbury Town, Park Town, Whittonditch, Eastridge, and Baydon, within the manor of Ramsbury, in the county of Wilts.
=264  \1$a[London] :$b[s.n.],$c[1777]
=300  \\$a30, [2] pages ;$c33 cm (2º)
=340  \\$m2º
=500  \\$aEnacted: Private Acts, 17 Geo.III.c.125.
=500  \\$aCaption title.
=500  \\$aWith a docket title dated 1777.
=500  \\$aWoodcut ornament; woodcut factotum.
=500  \\$aSignatures: A-H².
=510  4\$aESTC,$cT74701
=530  \\$aAlso available on microfilm and in the U.K. Parliamentary Papers database which can be accessed by on-site users.
=650  \0$aCommons$zEngland$zWiltshire$vEarly works to 1800.
=655  \7$aBills.$2rbgenr
=700  0\$aGeorge$bIII,$cKing of Great Britain,$d1738-1820,$eformer owner.$5Uk
=700  0\$aGeorge$bIV,$cKing of Great Britain,$d1762-1830,$edonor.$5Uk
=752  \\$aGreat Britain$bEngland$dLondon.
=852  41$aBritish Library$bHMNTS$jB.S.Ref.2/52.(23)$qCopy at B.S.Ref.2/52.(23). Imperfect: wanting the final leaf (sig. H2) containing the docket-title.
=852  41$aBritish Library$bHMNTS$j216.i.3.(6)
=852  41$aBritish Library$bHMNTS$jB.S.302/76.(125)
=856  41$uhttps://parlipapers.proquest.com/parlipapers/docview/t70.d75.pb-003221?$yProquest U.K. Parliamentary Papers
=985  \\$aCorrected by MS generated file for WR# 1805-0738
=CAT  \\$a3251$b40$c20180517$lBLL01$h1200
=CAT  \\$a1805-0738$c20190111$lBLL01$h1814
=CAT  \\$a1805-0738$b00$c20190111$lBLL01$h1833
=FIN  \\$aY$d20180517
=FMT  \\$a  BK
=LAS  \\$a1805-0738$b00$c20190111$lBLL01$h1833
=SRC  \\$aESTC

