=LDR  01963 am a2200445   4500
=001  018875153
=003  Uk
=005  20180522153304.0
=008  791208s1777\\\\enk\\\\\\\\\\o000\0\eng\c
=035  \\$a(Uk-ES)006345653
=040  \\$aUk-ES$cUk-ES$dCStRLIN
=110  1\$aGreat Britain.$bParliament.
=240  10$aBills. 1777-02-13
=245  13$aAn act for dividing, allotting, and inclosing, the open and common fields meadows and pastures in the parish of Syston in the county of Leicester, and several parcels of uninclosed land in the parish of Barkby in the said county of Leicester lying within the ring of the said fields.
=264  \1$a[London] :$b[s.n.],$c[1777]
=300  \\$a25, [1] pages ;$c33 cm (2º)
=340  \\$m2º
=500  \\$aDocket title dated 1777.
=500  \\$aEnacted: Private Acts, 17 Geo.III.c.31.
=500  \\$aCaption title.
=500  \\$aSignatures: A-F² [chi]1.
=510  4\$aESTC,$cT74722
=530  \\$aAlso available on microfilm and in the U.K. Parliamentary Papers database which can be accessed by on-site users.
=650  \0$aCommons$zEngland$zLeicestershire$vEarly works to 1800.
=655  \7$aBills.$2rbgenr
=700  0\$aGeorge$bIII,$cKing of Great Britain,$d1738-1820,$eformer owner.$5Uk
=700  0\$aGeorge$bIV,$cKing of Great Britain,$d1762-1830,$edonor.$5Uk
=752  \\$aGreat Britain$bEngland$dLondon.
=852  41$aBritish Library$bHMNTS$jB.S.Ref.2/50.(20)
=852  41$aBritish Library$bHMNTS$j216.i.3.(8)
=856  41$uhttps://parlipapers.proquest.com/parlipapers/docview/t70.d75.pb-003170?$yProquest U.K. Parliamentary Papers
=985  \\$aCorrected by MS generated file for WR# 1805-0738
=CAT  \\$a3251$b40$c20180522$lBLL01$h1525
=CAT  \\$a3251$b40$c20180522$lBLL01$h1533
=CAT  \\$a1805-0738$c20190111$lBLL01$h1814
=CAT  \\$a1805-0738$b00$c20190111$lBLL01$h1833
=FIN  \\$aY$d20180522
=FMT  \\$a  BK
=LAS  \\$a1805-0738$b00$c20190111$lBLL01$h1833
=SRC  \\$aESTC

