=LDR  02081 am a2200457   4500
=001  018889208
=003  Uk
=005  20180816093442.0
=008  791208s1777\\\\enk\\\\\\\\\\o000\0\eng\c
=035  \\$a(Uk-ES)006345657
=040  \\$aUk-ES$cUk-ES$dCStRLIN
=110  1\$aGreat Britain.$bParliament.
=240  10$aBills. 1777-03-03
=245  13$aAn act for dividing, allotting, and enclosing certain open and common fields, common meadows, common pastures, downs, commons, and other commonable lands, within the township of Uffington, and the hamlets of Balking and Woolston otherwise Woolverston, and within the hamlets of Kingston Lisle and Fawler, in the county of Berks.
=264  \1$a[London] :$b[s.n.],$c[1777]
=300  \\$a49, [1] pages ;$c33 cm (2º)
=340  \\$mfolio$2rdabf
=500  \\$aWith a docket title dated 1777.
=500  \\$aEnacted: Private Acts, 17 Geo.III.c.119.
=500  \\$aCaption title.
=500  \\$aWoodcut head-piece; woodcut factotum.
=500  \\$aSignatures: A-L² M²(-M2) N².
=510  4\$aESTC,$cT74726
=530  \\$aAlso available on microfilm and in the U.K. Parliamentary Papers database which can be accessed by on-site users.
=650  \0$aCommons$zEngland$zBerkshire$vEarly works to 1800.
=655  \7$aBills.$2rbgenr
=700  0\$aGeorge$bIII,$cKing of Great Britain,$d1738-1820,$eformer owner.$5Uk
=700  0\$aGeorge$bIV,$cKing of Great Britain,$d1762-1830,$edonor.$5Uk
=752  \\$aGreat Britain$bEngland$dLondon.
=852  41$aBritish Library$bHMNTS$jB.S.Ref.2/52.(17)
=852  41$aBritish Library$bHMNTS$j216.i.3.(22)
=856  41$uhttps://parlipapers.proquest.com/parlipapers/docview/t70.d75.pb-003215?$yProquest U.K. Parliamentary Papers
=985  \\$aCorrected by MS generated file for WR# 1805-0738
=CAT  \\$a3251$b40$c20180605$lBLL01$h1514
=CAT  \\$a3251$b40$c20180816$lBLL01$h0934
=CAT  \\$a1805-0738$c20190121$lBLL01$h0828
=CAT  \\$a1805-0738$b00$c20190121$lBLL01$h0828
=FIN  \\$aY$d20180605
=FMT  \\$a  BK
=LAS  \\$a1805-0738$b00$c20190121$lBLL01$h0828
=SRC  \\$aESTC

