=LDR  01858 am a2200445   4500
=001  018904072
=003  Uk
=005  20180613103514.0
=008  791208s1777\\\\enk\\\\\\\\\\o000\0\eng\c
=035  \\$a(Uk-ES)006345691
=040  \\$aUk-ES$cUk-ES$dCU-RivES$dCStRLIN$dCU-RivES$dUk-ES$edcrmb
=110  1\$aGreat Britain.$bParliament.
=240  10$aBills. 1777-02-26
=245  13$aAn act to enable the Archbishop of Canterbury, and Daniel Ponton, Esquire, to grant building leases, pursuant to an agreement entered into for that purpose.
=264  \1$a[London] :$b[s.n.],$c[1777]
=300  \\$a9, [1] pages ;$c33 cm (2º)
=340  \\$m2º
=500  \\$aCaption title.
=500  \\$aEnacted: Private Acts, 17 Geo.III.c.49.
=500  \\$aDocket title dated 1777.
=500  \\$aWoodcut head-piece; woodcut factotum.
=500  \\$aSignatures: A² B²(-B²) C².
=510  4\$aESTC,$cT74760
=530  \\$aAlso available on microfilm and in the U.K. Parliamentary Papers database which can be accessed by on-site users.
=655  \7$aBills.$2rbgenr
=700  0\$aGeorge$bIII,$cKing of Great Britain,$d1738-1820,$eformer owner.$5Uk
=700  0\$aGeorge$bIV,$cKing of Great Britain,$d1762-1830,$edonor.$5Uk
=752  \\$aGreat Britain$bEngland$dLondon.
=852  41$aBritish Library$bHMNTS$j216.i.3.(34)
=852  41$aBritish Library$bHMNTS$jB.S.Ref.2/50.(37)
=856  41$uhttps://parlipapers.proquest.com/parlipapers/docview/t70.d75.pb-003187?$yProquest U.K. Parliamentary Papers
=985  \\$aCorrected by MS generated file for WR# 1805-0738
=CAT  \\$a3251$b40$c20180612$lBLL01$h1534
=CAT  \\$a3251$b40$c20180613$lBLL01$h1035
=CAT  \\$a1805-0738$c20190111$lBLL01$h1814
=CAT  \\$a1805-0738$b00$c20190111$lBLL01$h1833
=FIN  \\$aY$d20180612
=FMT  \\$a  BK
=LAS  \\$a1805-0738$b00$c20190111$lBLL01$h1833
=SRC  \\$aESTC

