=LDR  02099cam a2200469   4500
=001  018914475
=003  Uk
=005  20180619103756.0
=008  791208s1777\\\\enk\\\\\\\\\\o000\0\eng\c
=035  \\$a(Uk-ES)006345717
=040  \\$aUk-ES$cUk-ES$dCU-RivES$dCStRLIN$dCU-RivES$dUk-ES$edcrmb
=110  1\$aGreat Britain.$bParliament.
=240  10$aBills. 1777-03-26
=245  13$aAn act to confirm and establish articles of agreement for a partition or division of lands and hereditaments, in the counties of Northampton and Warwick, the estates of John Clarke, Esquire, and Mary his late wife, deceased; and for settling the same to the uses therein-mentioned.
=264  \1$aLondon :$bprinted by T. Bensley,$c1777.
=300  \\$a29, [1] pages ;$c33 cm (2º)
=340  \\$m2º
=500  \\$aDocket title dated 1777.
=500  \\$aEnacted: Private Acts, 17 Geo.III.c.103.
=500  \\$aCaption title.
=500  \\$aImprint taken from docket title.
=500  \\$aWoodcut ornaments; woodcut factotum.
=500  \\$aSignatures: A-G² [chi]1.
=510  4\$aESTC,$cT74786
=530  \\$aAlso available on microfilm and in the U.K. Parliamentary Papers database which can be accessed by on-site users.
=655  \7$aBills.$2rbgenr
=700  1\$aBensley, Thomas,$d1759-1835,$eprinter.
=700  0\$aGeorge$bIII,$cKing of Great Britain,$d1738-1820,$eformer owner.$5Uk
=700  0\$aGeorge$bIV,$cKing of Great Britain,$d1762-1830,$edonor.$5Uk
=752  \\$aGreat Britain$bEngland$dLondon.
=852  41$aBritish Library$bHMNTS$jB.S.Ref.2/52.(1)
=852  41$aBritish Library$bHMNTS$j216.i.3.(41)
=856  41$uhttps://parlipapers.proquest.com/parlipapers/docview/t70.d75.pb-003199?$yProquest U.K. Parliamentary Papers
=985  \\$aCorrected by MS generated file for WR# 1805-0738
=CAT  \\$a3251$b40$c20180619$lBLL01$h1037
=CAT  \\$a1805-0738$c20190111$lBLL01$h1814
=CAT  \\$a1805-0738$b00$c20190111$lBLL01$h1833
=CAT  \\$aBATCH-UPD$b00$c20231003$lBLL01$h2320
=FIN  \\$aY$d20180619
=FMT  \\$a  BK
=LAS  \\$aBATCH-UPD$b00$c20231003$lBLL01$h2320
=SRC  \\$aESTC

