=LDR  02130 am a2200469   4500
=001  018916501
=003  Uk
=005  20180816093401.0
=008  791208s1777\\\\enk\\\\\\\\\\o000\0\eng\c
=035  \\$a(Uk-ES)006345638
=040  \\$aUk-ES$cUk-ES$dCStRLIN$dUk-ES$edcrmb
=110  1\$aGreat Britain.$bParliament.
=240  10$aBills. 1777-04-16
=245  13$aAn act for dividing and inclosing the several open arable fields, meadow, and pasture grounds, and the common or moor, within the township of Thornton, in the parish of Foston, in the North Riding of the county of York.
=264  \1$a[London] :$b[s.n.],$c[1777]
=300  \\$a22, [2] pages ;$c33 cm (2º)
=340  \\$mfolio$2rdabf
=500  \\$aEnacted: Private Acts, 17 Geo.III.c.114.
=500  \\$aCaption title.
=500  \\$aWith a docket title dated 1777.
=500  \\$aWoodcut ornaments; woodcut factotum.
=500  \\$aSignatures: A-F².
=510  4\$aESTC,$cT74707
=530  \\$aAlso available on microfilm and in the U.K. Parliamentary Papers database which can be accessed by on-site users.
=650  \0$aCommons$zEngland$zYorkshire$vEarly works to 1800.
=655  \7$aBills.$2rbgenr
=700  0\$aGeorge$bIII,$cKing of Great Britain,$d1738-1820,$eformer owner.$5Uk
=700  0\$aGeorge$bIV,$cKing of Great Britain,$d1762-1830,$edonor.$5Uk
=752  \\$aGreat Britain$bEngland$dLondon.
=852  41$aBritish Library$bHMNTS$j216.i.3.(21)
=852  41$aBritish Library$bHMNTS$jB.S.302/76.(114)
=852  41$aBritish Library$bHMNTS$jB.S.Ref.2/52.(12)$qCopy at B.S.Ref.2/52.(12). Imperfect: wanting the final leaf (sig. F2) containing the docket title.
=856  41$uhttps://parlipapers.proquest.com/parlipapers/docview/t70.d75.pb-003210?$yProquest U.K. Parliamentary Papers
=985  \\$aCorrected by MS generated file for WR# 1805-0738
=CAT  \\$a3251$b40$c20180620$lBLL01$h1005
=CAT  \\$a3251$b40$c20180816$lBLL01$h0934
=CAT  \\$a1805-0738$c20190121$lBLL01$h0828
=CAT  \\$a1805-0738$b00$c20190121$lBLL01$h0828
=FIN  \\$aY$d20180620
=FMT  \\$a  BK
=LAS  \\$a1805-0738$b00$c20190121$lBLL01$h0828
=SRC  \\$aESTC

