=LDR  01791 am a2200409   4500
=001  018918184
=003  Uk
=005  20180621104317.0
=008  791208s1777\\\\enk\\\\\\\\\\o000\0\eng\c
=035  \\$a(Uk-ES)006345690
=040  \\$aUk-ES$cUk-ES$dCStRLIN$dUk-ES$edcrmb
=110  1\$aGreat Britain.$bParliament.
=240  10$aBills. 1777-01-31
=245  13$aAn act to dissolve the marriage of John Potter Harris Esquire, with Elizabeth Martha Chichley his now wife, and to enable him to marry again; and for other purposes therein mentioned.
=264  \1$a[London] :$b[s.n.],$c[1777]
=300  \\$a6, [2] pages ;$c33 cm (2º)
=340  \\$m2º
=500  \\$aEnacted: Private Acts, 17 Geo.III.c.47.
=500  \\$aCaption title.
=500  \\$aTitle variant of ESTC T161235 which has "Elizabeth Martha Chicheley Plowden" in title.
=500  \\$aWith a docket title.
=500  \\$aWoodcut ornaments; woodcut factorum.
=500  \\$aSignatures: A-B².
=510  4\$aESTC,$cT74759
=530  \\$aAlso available on microfilm and in the U.K. Parliamentary Papers database which can be accessed by on-site users.
=655  \7$aBills.$2rbgenr
=752  \\$aGreat Britain$bEngland$dLondon.
=852  41$aBritish Library$bHMNTS$jB.S.Ref.2/50.(36)$qCopy at B.S.Ref.2/50.(36). Imperfect: wanting the final leaf (sig. B2) containing the docket title.
=856  41$uhttps://parlipapers.proquest.com/parlipapers/docview/t70.d75.pb-003186?$yProquest U.K. Parliamentary Papers
=985  \\$aCorrected by MS generated file for WR# 1805-0738
=CAT  \\$a3251$b40$c20180621$lBLL01$h1043
=CAT  \\$a1805-0738$c20190111$lBLL01$h1814
=CAT  \\$a1805-0738$b00$c20190111$lBLL01$h1833
=FIN  \\$aY$d20180621
=FMT  \\$a  BK
=LAS  \\$a1805-0738$b00$c20190111$lBLL01$h1833
=SRC  \\$aESTC

