=LDR  02269 am a2200433   4500
=001  018918326
=003  Uk
=005  20180621151914.0
=008  791208s1777\\\\enk\\\\\\\\\\o000\0\eng\c
=035  \\$a(Uk-ES)006345688
=040  \\$aUk-ES$cUk-ES$dCStRLIN$dUk-ES$edcrmb
=110  1\$aGreat Britain.$bParliament.
=240  10$aBills. 1777-02-14
=245  13$aAn act to discharge certain copyhold premisses, in the parish of Heston, in the county of Middlesex, from the uses and trusts thereof declared by the will of Mary Wotton, deceased; and to subject and charge the same copyhold premisses, and also certain freehold lands lying contiguous thereto, within the said parish, with the payment of perpetual yearly rent charge of twelve pounds, to the Reverend John Gibson, clerk and his successors, vicars of the saidparish, for the use of the poor of the same parish; and for settling and assuring the same premises, so charged, in the trustees of Rupert Clarke, Esquire upon the trusts therein mentioned.
=264  \1$a[London] :$b[s.n.],$c[1777]
=300  \\$a11, [1] pages ;$c33 cm (2º)
=340  \\$m2º
=500  \\$aDocket title dated 1777.
=500  \\$aEnacted: Private Acts, 17 Geo.III.c.28.
=500  \\$aCaption title.
=500  \\$aWoodcut ornaments; woodcut factotum.
=500  \\$aSignatures: A-C².
=510  4\$aESTC,$cT74757
=530  \\$aAlso available on microfilm and in the U.K. Parliamentary Papers database which can be accessed by on-site users.
=655  \7$aBills.$2rbgenr
=700  0\$aGeorge$bIII,$cKing of Great Britain,$d1738-1820,$eformer owner.$5Uk
=700  0\$aGeorge$bIV,$cKing of Great Britain,$d1762-1830,$edonor.$5Uk
=752  \\$aGreat Britain$bEngland$dLondon.
=852  41$aBritish Library$bHMNTS$jB.S.Ref.2/50.(17)
=852  41$aBritish Library$bHMNTS$j216.i.3.(47)
=856  41$uhttps://parlipapers.proquest.com/parlipapers/docview/t70.d75.pb-003167?$yProquest U.K. Parliamentary Papers
=985  \\$aCorrected by MS generated file for WR# 1805-0738
=CAT  \\$a3251$b40$c20180621$lBLL01$h1519
=CAT  \\$a1805-0738$c20190111$lBLL01$h1814
=CAT  \\$a1805-0738$b00$c20190111$lBLL01$h1833
=FIN  \\$aY$d20180621
=FMT  \\$a  BK
=LAS  \\$a1805-0738$b00$c20190111$lBLL01$h1833
=SRC  \\$aESTC

