=LDR  02228 am a2200433   4500
=001  018920322
=003  Uk
=005  20180625115659.0
=008  791208s1776\\\\enk\\\\\\\\\\o000\0\eng\c
=035  \\$a(Uk-ES)006345720
=040  \\$aUk-ES$cUk-ES$dCU-RivES$dCStRLIN$dCU-RivES$dUk-ES$edcrmb
=110  1\$aGreat Britain.$bParliament.
=240  10$aBills. 1776-12-17
=245  13$aAn act for vesting the several rectories, parsonages, churches, and chapels of Rockburne, Breamore, South Charford, Hale, Whitsbury, and Quidesley, with the glebe lands, tythes, and other appurtenances thereto respectively belonging, part of the settled estate of the most noble George Duke of Manchester, in trustees, upon certain trusts therein expressed; and for settling other lands and hereditaments of the said Duke, in lieu thereof, to the several uses therein mentioned.
=264  \1$a[London] :$b[s.n.],$c[1776]
=300  \\$a20 pages ;$c33 cm (2º)
=340  \\$m2º
=500  \\$aEnacted: Private Acts, 17 Geo.III.c.6.
=500  \\$aCaption title.
=500  \\$aWith a docket title dated 1776.
=500  \\$aWoodcut ornaments; woodcut factotum.
=500  \\$aSignatures: A-D² E² F².
=510  4\$aESTC,$cT74789
=530  \\$aAlso available on microfilm and in the U.K. Parliamentary Papers database which can be accessed by on-site users.
=655  \7$aBills.$2rbgenr
=700  0\$aGeorge$bIII,$cKing of Great Britain,$d1738-1820,$eformer owner.$5Uk
=700  0\$aGeorge$bIV,$cKing of Great Britain,$d1762-1830,$edonor.$5Uk
=752  \\$aGreat Britain$bEngland$dLondon.
=852  41$aBritish Library$bHMNTS$jB.S.Ref.2/50.(3)$qCopy at B.S.Ref.2/50.(3). Imperfect: wanting the final leaf (sig. F2) containing the docket title.
=852  41$aBritish Library$bHMNTS$j216.i.3.(52)
=856  41$uhttps://parlipapers.proquest.com/parlipapers/docview/t70.d75.pb-003153?$yProquest U.K. Parliamentary Papers
=985  \\$aCorrected by MS generated file for WR# 1805-0738
=CAT  \\$a3251$b40$c20180625$lBLL01$h1156
=CAT  \\$a1805-0738$c20190111$lBLL01$h1814
=CAT  \\$a1805-0738$b00$c20190111$lBLL01$h1833
=FIN  \\$aY$d20180625
=FMT  \\$a  BK
=LAS  \\$a1805-0738$b00$c20190111$lBLL01$h1833
=SRC  \\$aESTC

