=LDR  01827 am a2200409   4500
=001  018920766
=003  Uk
=005  20180626102152.0
=008  791208s1777\\\\enk\\\\\\\\\\o000\0\eng\c
=035  \\$a(Uk-ES)006345703
=040  \\$aUk-ES$cUk-ES$dCStRLIN$dUk-ES$edcrmb
=110  1\$aGreat Britain.$bParliament.
=240  10$aBills. 1777-03-25
=245  13$aAn act for discharging part of the settled estates of Thomas Hull, Esquire, in the counties of Dorset and Devon, from the uses and trusts of his marriage settlement, and for settling other estates in the county of Devon in lieu thereof, and for other purposes.
=264  \1$a[London] :$b[s.n.],$c[1777]
=300  \\$a33, [3] pages ;$c33 cm (2º)
=340  \\$m2º
=500  \\$aCaption title.
=500  \\$aEnacted: Private Acts, 17 Geo.III.c.86.
=500  \\$aWith a docket title.
=500  \\$aIn this edition catchword on p. 3: Estimation.
=500  \\$aWoodcut ornaments; woodcut factotum.
=500  \\$aSignatures: A-H² [chi]².
=510  4\$aESTC,$cT74772
=530  \\$aAlso available on microfilm and in the U.K. Parliamentary Papers database which can be accessed by on-site users.
=655  \7$aBills.$2rbgenr
=752  \\$aGreat Britain$bEngland$dLondon.
=852  41$aBritish Library$bHMNTS$jB.S.Ref.2/51.(26)$qCopy at B.S.Ref.2/51.(26). Imperfect: wanting the final leaf containing the docket title.
=856  41$uhttps://parlipapers.proquest.com/parlipapers/docview/t70.d75.pb-003132?$yProquest U.K. Parliamentary Papers
=985  \\$aCorrected by MS generated file for WR# 1805-0738
=CAT  \\$a3251$b40$c20180626$lBLL01$h1021
=CAT  \\$a1805-0738$c20190111$lBLL01$h1814
=CAT  \\$a1805-0738$b00$c20190111$lBLL01$h1833
=FIN  \\$aY$d20180626
=FMT  \\$a  BK
=LAS  \\$a1805-0738$b00$c20190111$lBLL01$h1833
=SRC  \\$aESTC

