=LDR  02000 am a2200445   4500
=001  018920955
=003  Uk
=005  20180816093923.0
=008  791208s1777\\\\enk\\\\\\\\\\o000\0\eng\c
=035  \\$a(Uk-ES)006345713
=040  \\$aUk-ES$cUk-ES$dCU-RivES$dCStRLIN$dCU-RivES$dUk-ES$edcrmb
=110  1\$aGreat Britain.$bParliament.
=240  10$aBills. 1777-03-26
=245  13$aAn act for confirming and establishing an exchange agreed to be made between the Right Honourable George Lord Onslow and Cranley, and William Luck, gentlemen, and Edmund Luck his son.
=264  \1$a[London] :$b[s.n.],$c[1777]
=300  \\$a8, [2] pages ;$c33 cm (2º)
=340  \\$mfolio$2rdabf
=500  \\$aEnacted: Private Acts, 17 Geo.III.c.96.
=500  \\$aCaption title.
=500  \\$aWith a docket title dated 1777.
=500  \\$aWoodcut ornaments; woodcut factotum.
=500  \\$aSignatures: A² B²(-B2) C².
=510  4\$aESTC,$cT74782
=530  \\$aAlso available on microfilm and in the U.K. Parliamentary Papers database which can be accessed by on-site users.
=655  \7$aBills.$2rbgenr
=700  0\$aGeorge$bIII,$cKing of Great Britain,$d1738-1820,$eformer owner.$5Uk
=700  0\$aGeorge$bIV,$cKing of Great Britain,$d1762-1830,$edonor.$5Uk
=752  \\$aGreat Britain$bEngland$dLondon.
=852  41$aBritish Library$bHMNTS$jB.S.Ref.2/51.(36)$qCopy at B.S.Ref.2/51.(36). Imperfect: wanting the final leaf (sig. C2) containing the docket title.
=852  41$aBritish Library$bHMNTS$j216.i.3.(55)
=856  41$uhttps://parlipapers.proquest.com/parlipapers/docview/t70.d75.pb-003142?$yProquest U.K. Parliamentary Papers
=985  \\$aCorrected by MS generated file for WR# 1805-0738
=CAT  \\$a3251$b40$c20180626$lBLL01$h1219
=CAT  \\$a3251$b40$c20180816$lBLL01$h0939
=CAT  \\$a1805-0738$c20190121$lBLL01$h0828
=CAT  \\$a1805-0738$b00$c20190121$lBLL01$h0828
=FIN  \\$aY$d20180626
=FMT  \\$a  BK
=LAS  \\$a1805-0738$b00$c20190121$lBLL01$h0828
=SRC  \\$aESTC

