=LDR  02104 am a2200469   4500
=001  018923860
=003  Uk
=005  20180628133321.0
=008  791208s1777\\\\enk\\\\\\\\\\o000\0\eng\c
=035  \\$a(Uk-ES)006345695
=040  \\$aUk-ES$cUk-ES$dCU-RivES$dCStRLIN$dCU-RivES$dUk-ES$edcrmb
=110  1\$aGreat Britain.$bParliament.
=240  10$aBills. 1777-03-03
=245  13$aAn act to enable Thomas Assheton Smith Esquire, and William Henry Assheton Smith his brother, to grant building, improving, and other leases of the estates devised by the will of William Smith Esquire, deceased.
=264  \1$a[London] :$b[s.n.],$c[1777]
=300  \\$a9, [3] pages ;$c33 cm (2º)
=340  \\$m2º
=500  \\$aEnacted: Private Acts, 17 Geo.III.c.53.
=500  \\$aCaption title.
=500  \\$aWith a docket title dated 1777.
=500  \\$aWoodcut ornaments; woodcut factotum.
=500  \\$aSignatures: A-C².
=510  4\$aESTC,$cT74764
=530  \\$aAlso available on microfilm and in the U.K. Parliamentary Papers database which can be accessed by on-site users.
=655  \7$aBills.$2rbgenr
=700  0\$aGeorge$bIII,$cKing of Great Britain,$d1738-1820,$eformer owner.$5Uk
=700  0\$aGeorge$bIV,$cKing of Great Britain,$d1762-1830,$edonor.$5Uk
=752  \\$aGreat Britain$bEngland$dLondon.
=852  41$aBritish Library$bHMNTS$j216.i.3.(59)
=852  41$aBritish Library$bHMNTS$jB.S.Ref.2/50.(41)$qCopy at B.S.Ref.2/50.(41). Imperfect: wanting the final leaf (sig. C2) containing the docket title.
=856  41$uhttps://parlipapers.proquest.com/parlipapers/docview/t70.d75.pb-003191?$yProquest U.K. Parliamentary Papers
=985  \\$aCorrected by MS generated file for WR# 1805-0738
=CAT  \\$a3251$b40$c20180628$lBLL01$h1324
=CAT  \\$a3251$b40$c20180628$lBLL01$h1326
=CAT  \\$a3251$b40$c20180628$lBLL01$h1330
=CAT  \\$a3251$b40$c20180628$lBLL01$h1333
=CAT  \\$a1805-0738$c20190111$lBLL01$h1814
=CAT  \\$a1805-0738$b00$c20190111$lBLL01$h1833
=FIN  \\$aY$d20180628
=FMT  \\$a  BK
=LAS  \\$a1805-0738$b00$c20190111$lBLL01$h1833
=SRC  \\$aESTC

