=LDR  02240 am a2200433   4500
=001  018923984
=003  Uk
=005  20180628150529.0
=008  791208s1777\\\\enk\\\\\\\\\\o000\0\eng\c
=035  \\$a(Uk-ES)006345706
=040  \\$aUk-ES$cUk-ES$dCStRLIN$dUk-ES$edcrmb
=110  1\$aGreat Britain.$bParliament.
=240  10$aBills. 1777-03-05
=245  13$aAn act for vesting certain messuages and hereditaments, in the several parishes of Kirkwhelpington, Lowick, and Simonburne, in the county of Northumberland, late part of the estate of Sir John Swinburne, Baronet, deceased, in trustees, and their heirs, in trust, to be sold, discharged from the uses, trusts, charges, and powers, in the will of the said Sir John Swinburne, mentioned, and for applying the money to arise by sale thereof, in the manner therein mentioned, and for other purposes thereon expressed.
=264  \1$a[London] :$b[s.n.],$c[1777]
=300  \\$a22, [2] pages ;$c33 cm (2º)
=340  \\$m2º
=500  \\$aEnacted: Private Acts, 17 Geo.III.c.89.
=500  \\$aCaption title.
=500  \\$aWith a docket title dated 1777.
=500  \\$aWoodcut ornaments; woodcut factotum.
=500  \\$aSignatures: A-E² [chi]².
=510  4\$aESTC,$cT74775
=530  \\$aAlso available on microfilm and in the U.K. Parliamentary Papers database which can be accessed by on-site users.
=655  \7$aBills.$2rbgenr
=700  0\$aGeorge$bIII,$cKing of Great Britain,$d1738-1820,$eformer owner.$5Uk
=700  0\$aGeorge$bIV,$cKing of Great Britain,$d1762-1830,$edonor.$5Uk
=752  \\$aGreat Britain$bEngland$dLondon.
=852  41$aBritish Library$bHMNTS$j216.i.3.(60)
=852  41$aBritish Library$bHMNTS$jB.S.Ref.2/51.(29)$qCopy at B.S.Ref.2/51.(29). Imperfect: wanting the final leaf containing the docket title.
=856  41$uhttps://parlipapers.proquest.com/parlipapers/docview/t70.d75.pb-003135?$yProquest U.K. Parliamentary Papers
=985  \\$aCorrected by MS generated file for WR# 1805-0738
=CAT  \\$a3251$b40$c20180628$lBLL01$h1505
=CAT  \\$a1805-0738$c20190111$lBLL01$h1814
=CAT  \\$a1805-0738$b00$c20190111$lBLL01$h1833
=FIN  \\$aY$d20180628
=FMT  \\$a  BK
=LAS  \\$a1805-0738$b00$c20190111$lBLL01$h1833
=SRC  \\$aESTC

