=LDR  01863 am a2200457   4500
=001  018936394
=003  Uk
=005  20180829125629.0
=008  791208s1777\\\\enk\\\\\\\\\\o000\0\eng\c
=035  \\$a(Uk-ES)006345683
=040  \\$aUk-ES$cUk-ES$dCStRLIN$dUk-ES$edcrmb
=110  1\$aGreat Britain.$bParliament.
=240  10$aBills. 1777-02-26
=245  13$aAn act for dividing and inclosing the commons and waste grounds, within the manor of Bolton, in the county of Cumberland.
=264  \1$a[London] :$b[s.n.],$c[1777]
=300  \\$a43, [1] pages ;$c33 cm (2º)
=340  \\$mfolio$2rdabf
=500  \\$aCaption title.
=500  \\$aDocket title dated 1777.
=500  \\$aEnacted: Private Acts, 17 Geo.III.c.58.
=500  \\$aWoodcut ornaments; woodcut factotum.
=500  \\$aSignatures: A-L².
=510  4\$aESTC,$cT74752
=530  \\$aAlso available on microfilm and in the U.K. Parliamentary Papers database which can be accessed by on-site users.
=650  \0$aCommons$zEngland$zCumbria$vEarly works to 1800.
=655  \7$aBills.$2rbgenr
=700  0\$aGeorge$bIII,$cKing of Great Britain,$d1738-1820,$eformer owner.$5Uk
=700  0\$aGeorge$bIV,$cKing of Great Britain,$d1762-1830,$edonor.$5Uk
=752  \\$aGreat Britain$bEngland$dLondon.
=852  41$aBritish Library$bHMNTS$jB.S.Ref.2/50.(46)
=852  41$aBritish Library$bHMNTS$j216.i.4.(4)
=856  41$uhttps://parlipapers.proquest.com/parlipapers/docview/t70.d75.pb-003196?$yProquest U.K. Parliamentary Papers
=985  \\$aCorrected by MS generated file for WR# 1805-0738
=CAT  \\$a3251$b40$c20180704$lBLL01$h1314
=CAT  \\$a3251$b40$c20180829$lBLL01$h1256
=CAT  \\$a1805-0738$c20190121$lBLL01$h0828
=CAT  \\$a1805-0738$b00$c20190121$lBLL01$h0828
=FIN  \\$aY$d20180704
=FMT  \\$a  BK
=LAS  \\$a1805-0738$b00$c20190121$lBLL01$h0828
=SRC  \\$aESTC

