=LDR  02211 am a2200445   4500
=001  018941791
=003  Uk
=005  20180709142111.0
=008  791208s1777\\\\enk\\\\\\\\\\o000\0\eng\c
=035  \\$a(Uk-ES)006345684
=040  \\$aUk-ES$cUk-ES$dCStRLIN$dUk-ES$edcrmb
=110  1\$aGreat Britain.$bParliament.
=240  10$aBills. 1777-02-28
=245  13$aAn act for dividing and inclosing several open fields and stinted pastures, within the township of Bugthorpe, in the county of York; and for exempting the lands, tenements, and frontsteads, within the parish of Bugthorpe, from the payment of tythes, and other ecclesiastical dues, and for other purposes therein contained.
=264  \1$a[London] :$b[s.n.],$c[1777]
=300  \\$a22, [2] pages ;$c33 cm (2º)
=340  \\$m2º
=500  \\$aEnacted: Private Acts, 17 Geo.III.c.44.
=500  \\$aWith a double rule at head of title and first line of text with "the said township". A variant has head-piece at head of title and first line of text has "the township".
=500  \\$aWoodcut factotum.
=500  \\$aCaption title.
=500  \\$aDocket title dated 1777.
=500  \\$aSignatures: A-F².
=510  4\$aESTC,$cT74753
=530  \\$aAlso available on microfilm and in the U.K. Parliamentary Papers database which can be accessed by on-site users.
=655  \7$aBills.$2rbgenr
=700  0\$aGeorge$bIII,$cKing of Great Britain,$d1738-1820,$eformer owner.$5Uk
=700  0\$aGeorge$bIV,$cKing of Great Britain,$d1762-1830,$edonor.$5Uk
=752  \\$aGreat Britain$bEngland$dLondon.
=852  41$aBritish Library$bHMNTS$j216.i.4.(5)
=852  41$aBritish Library$bHMNTS$jB.S.Ref.2/50.(33)$qCopy at B.S.Ref.2/50.(33). Imperfect: wanting the final leaf (sig. F2) containing the docket title.
=856  41$uhttps://parlipapers.proquest.com/parlipapers/docview/t70.d75.pb-003183?$yProquest U.K. Parliamentary Papers
=985  \\$aCorrected by MS generated file for WR# 1805-0738
=CAT  \\$a3251$b40$c20180709$lBLL01$h1421
=CAT  \\$a1805-0738$c20190111$lBLL01$h1815
=CAT  \\$a1805-0738$b00$c20190111$lBLL01$h1834
=FIN  \\$aY$d20180709
=FMT  \\$a  BK
=LAS  \\$a1805-0738$b00$c20190111$lBLL01$h1834
=SRC  \\$aESTC

