=LDR  02110 am a2200445   4500
=001  018974547
=003  Uk
=005  20180711100141.0
=008  791208s1777\\\\enk\\\\\\\\\\o000\0\eng\c
=035  \\$a(Uk-ES)006345714
=040  \\$aUk-ES$cUk-ES$dCU-RivES$dCStRLIN$dCU-RivES$dUk-ES$edcrmb
=110  1\$aGreat Britain.$bParliament.
=240  10$aBills. 1777-03-24
=245  13$aAn act for vesting the freehold estates, in the counties of Hereford and Monmouth, devised by the will of Thomas Chamberlayne, Esquire deceased, in Richard Combe, Esquire in fee simple, and for settling other estates of the said Richard Combe, in the county of Somerset, of greater value, in lieu therof.
=264  \1$a[London] :$b[s.n.],$c[1777]
=300  \\$a10, [2] pages ;$c33 cm (2º)
=340  \\$m2º
=500  \\$aEnacted: Private Acts, 17 Geo.III.c.97.
=500  \\$aCaption title.
=500  \\$aWith a docket title dated 1777.
=500  \\$aWoodcut ornaments; woodcut factotum.
=500  \\$aSignatures: A-C².
=510  4\$aESTC,$cT74783
=530  \\$aAlso available on microfilm and in the U.K. Parliamentary Papers database which can be accessed by on-site users.
=655  \7$aBills.$2rbgenr
=700  0\$aGeorge$bIII,$cKing of Great Britain,$d1738-1820,$eformer owner.$5Uk
=700  0\$aGeorge$bIV,$cKing of Great Britain,$d1762-1830,$edonor.$5Uk
=752  \\$aGreat Britain$bEngland$dLondon.
=852  41$aBritish Library$bHMNTS$jB.S.302/76.(97)
=852  41$aBritish Library$bHMNTS$jB.S.Ref.2/51.(37)$qCopy at B.S.Ref.2/51.(37). Imperfect: wanting the final leaf (sig. C2) containing the docket title.
=852  41$aBritish Library$bHMNTS$j216.i.3.(42)
=856  41$uhttps://parlipapers.proquest.com/parlipapers/docview/t70.d75.pb-003143?$yProquest U.K. Parliamentary Papers
=985  \\$aCorrected by MS generated file for WR# 1805-0738
=CAT  \\$a3251$b40$c20180711$lBLL01$h1001
=CAT  \\$a1805-0738$c20190111$lBLL01$h1815
=CAT  \\$a1805-0738$b00$c20190111$lBLL01$h1834
=FIN  \\$aY$d20180711
=FMT  \\$a  BK
=LAS  \\$a1805-0738$b00$c20190111$lBLL01$h1834
=SRC  \\$aESTC

