=LDR  01867 am a2200445   4500
=001  018993504
=003  Uk
=005  20180731095818.0
=008  791208s1777\\\\enk\\\\\\\\\\o000\0\eng\c
=035  \\$a(Uk-ES)006345640
=040  \\$aUk-ES$cUk-ES$dCStRLIN$dUk-ES$edcrmb
=110  1\$aGreat Britain.$bParliament.
=240  10$aBills. 1777-04-18
=245  13$aAn act for dividing, allotting, and inclosing, the open fields, common pastures, and moor or common, in the parish of Bulmer, in the North Riding of the County of York.
=264  \1$a[London] :$b[s.n.],$c[1777]
=300  \\$a21, [1] pages ;$c33 cm (2º)
=340  \\$m2º
=500  \\$aDocket title dated 1777.
=500  \\$aEnacted: Private Acts, 17 Geo.III.c.126.
=500  \\$aCaption title.
=500  \\$aWoodcut head-piece; woodcut factotum.
=500  \\$aSignatures: A-E² F²(-F2).
=510  4\$aESTC,$cT74709
=530  \\$aAlso available on microfilm and in the U.K. Parliamentary Papers database which can be accessed by on-site users.
=650  \0$aCommons$zEngland$zYorkshire$vEarly works to 1800.
=655  \7$aBills.$2rbgenr
=700  0\$aGeorge$bIII,$cKing of Great Britain,$d1738-1820,$eformer owner.$5Uk
=700  0\$aGeorge$bIV,$cKing of Great Britain,$d1762-1830,$edonor.$5Uk
=752  \\$aGreat Britain$bEngland$dLondon.
=852  41$aBritish Library$bHMNTS$j216.i.4.(12)
=852  41$aBritish Library$bHMNTS$jB.S.Ref.2/52.(24)
=856  41$uhttps://parlipapers.proquest.com/parlipapers/docview/t70.d75.pb-003222?$yProquest U.K. Parliamentary Papers
=985  \\$aCorrected by MS generated file for WR# 1805-0738
=CAT  \\$a3251$b40$c20180731$lBLL01$h0958
=CAT  \\$a1805-0738$c20190111$lBLL01$h1816
=CAT  \\$a1805-0738$b00$c20190111$lBLL01$h1834
=FIN  \\$aY$d20180731
=FMT  \\$a  BK
=LAS  \\$a1805-0738$b00$c20190111$lBLL01$h1834
=SRC  \\$aESTC

