=LDR  02263cam a2200493   4500
=001  018996315
=003  Uk
=005  20180801102254.0
=008  791208s1777\\\\enk\\\\\\\\\\o000\0\eng\c
=035  \\$a(Uk-ES)006345622
=040  \\$aUk-ES$cUk-ES$dCStRLIN$dUk-ES$edcrmb
=110  1\$aGreat Britain.$bParliament.
=240  10$aBills. 1777-03-21
=245  13$aAn act for dividing, allotting and inclosing the open and common fields, and other commonable lands and grounds, of and within the several parishes and liberties of Whilton, Norton and Brockhall, or in all, some or one of them in the county of Northampton.
=264  \1$a[London] :$bprinted by T. Bensley,$c[1777]
=300  \\$a36, [2] pages ;$c33 cm (2º)
=340  \\$m2º
=500  \\$aEnacted: Private Acts, 17 Geo.III.c.105.
=500  \\$aCaption title.
=500  \\$aWith a docket title.
=500  \\$aImprint from colophon.
=500  \\$aWoodcut ornaments; woodcut factotum.
=500  \\$aSignatures: A-I² [chi]1.
=510  4\$aESTC,$cT74691
=530  \\$aAlso available on microfilm and in the U.K. Parliamentary Papers database which can be accessed by on-site users.
=650  \0$aCommons$zEngland$zNorthamptonshire$vEarly works to 1800.
=655  \7$aBills.$2rbgenr
=700  1\$aBensley, Thomas,$d1759-1835,$eprinter.
=700  0\$aGeorge$bIII,$cKing of Great Britain,$d1738-1820,$eformer owner.$5Uk
=700  0\$aGeorge$bIV,$cKing of Great Britain,$d1762-1830,$edonor.$5Uk
=752  \\$aGreat Britain$bEngland$dLondon.
=852  41$aBritish Library$bHMNTS$jB.S.Ref.2/52.(3)$qCopy at B.S.Ref.2/52.(3). Imperfect: wanting the final leaf containing the docket title.
=852  41$aBritish Library$bHMNTS$j216.i.3.(31)
=852  41$aBritish Library$bHMNTS$jB.S.302/76.(105)
=856  41$uhttps://parlipapers.proquest.com/parlipapers/docview/t70.d75.pb-003201?$yProquest U.K. Parliamentary Papers
=985  \\$aCorrected by MS generated file for WR# 1805-0738
=CAT  \\$a3251$b40$c20180801$lBLL01$h1022
=CAT  \\$a1805-0738$c20190111$lBLL01$h1816
=CAT  \\$a1805-0738$b00$c20190111$lBLL01$h1834
=CAT  \\$aBATCH-UPD$b00$c20231003$lBLL01$h2320
=FIN  \\$aY$d20180801
=FMT  \\$a  BK
=LAS  \\$aBATCH-UPD$b00$c20231003$lBLL01$h2320
=SRC  \\$aESTC

