=LDR  01912 am a2200445   4500
=001  019001698
=003  Uk
=005  20180802122534.0
=008  791208s1777\\\\enk\\\\\\\\\\o000\0\eng\c
=035  \\$a(Uk-ES)006345600
=040  \\$aUk-ES$cUk-ES$dCStRLIN$dUk-ES$edcrmb
=110  1\$aGreat Britain.$bParliament.
=240  10$aBills. 1777-02-28
=245  13$aAn act for dividing and inclosing the open and common field, and commonable lands, lying within the townships and liberties of Great Bourton and Little Bourton, in the parish of Cropredy, in the county of Oxford.
=264  \1$a[London] :$b[s.n.],$c[1777]
=300  \\$a31, [1] pages ;$c33 cm (2º)
=340  \\$m2º
=500  \\$aWith a docket title.
=500  \\$aEnacted: Private Acts, 17 Geo.III.c.74.
=500  \\$aCaption title.
=500  \\$aWoodcut head-piece (royal arms); woodcut factotum.
=500  \\$aSignatures: B-I².
=510  4\$aESTC,$cT74669
=530  \\$aAlso available on microfilm and in the U.K. Parliamentary Papers database which can be accessed by on-site users.
=650  \0$aCommons$zEngland$zOxfordshire$vEarly works to 1800.
=655  \7$aBills.$2rbgenr
=700  0\$aGeorge$bIII,$cKing of Great Britain,$d1738-1820,$eformer owner.$5Uk
=700  0\$aGeorge$bIV,$cKing of Great Britain,$d1762-1830,$edonor.$5Uk
=752  \\$aGreat Britain$bEngland$dLondon.
=852  41$aBritish Library$bHMNTS$jB.S.Ref.2/51.(15)
=852  41$aBritish Library$bHMNTS$j216.i.4.(15)
=856  41$uhttps://parlipapers.proquest.com/parlipapers/docview/t70.d75.pb-003121?$yProquest U.K. Parliamentary Papers
=985  \\$aCorrected by MS generated file for WR# 1805-0738
=CAT  \\$a3251$b40$c20180802$lBLL01$h1225
=CAT  \\$a1805-0738$c20190111$lBLL01$h1816
=CAT  \\$a1805-0738$b00$c20190111$lBLL01$h1834
=FIN  \\$aY$d20180802
=FMT  \\$a  BK
=LAS  \\$a1805-0738$b00$c20190111$lBLL01$h1834
=SRC  \\$aESTC

