=LDR  02028 am a2200445   4500
=001  019001702
=003  Uk
=005  20180802124433.0
=008  791208s1777\\\\enk\\\\\\\\\\o000\0\eng\c
=035  \\$a(Uk-ES)006345662
=040  \\$aUk-ES$cUk-ES$dCU-RivES$dCStRLIN$dUk-ES$edcrmb
=110  1\$aGreat Britain.$bParliament.
=240  10$aBills. 1777-03-03
=245  13$aAn act for dividing and inclosing the commonable lands and waste grounds within the manor and parish of Compton Bishop, commonly called or known by the name of Cross Moor alias Charles Moor, in the county of Somerset.
=264  \1$a[London] :$b[s.n.],$c[1777]
=300  \\$a16, [2] pages ;$c33 cm (2º)
=340  \\$m2º
=500  \\$aEnacted: Private Acts, 17 Geo.III.c.34.
=500  \\$aCaption title.
=500  \\$aDocket title dated 1777.
=500  \\$aWoodcut ornaments; woodcut factotum.
=500  \\$aSignatures: A-C² D²(-D2) E².
=510  4\$aESTC,$cT74731
=530  \\$aAlso available on microfilm and in the U.K. Parliamentary Papers database which can be accessed by on-site users.
=650  \0$aCommons$zEngland$zSomerset$vEarly works to 1800.
=655  \7$aBills.$2rbgenr
=700  0\$aGeorge$bIII,$cKing of Great Britain,$d1738-1820,$eformer owner.$5Uk
=700  0\$aGeorge$bIV,$cKing of Great Britain,$d1762-1830,$edonor.$5Uk
=752  \\$aGreat Britain$bEngland$dLondon.
=852  41$aBritish Library$bHMNTS$jB.S.Ref.2/50.(23)$qCopy at B.S.Ref.2/50.(23). Imperfect: wanting the final leaf (sig. E2) containing the docket title.
=852  41$aBritish Library$bHMNTS$j216.i.4.(16)
=856  41$uhttps://parlipapers.proquest.com/parlipapers/docview/t70.d75.pb-003173?$yProquest U.K. Parliamentary Papers
=985  \\$aCorrected by MS generated file for WR# 1805-0738
=CAT  \\$a3251$b40$c20180802$lBLL01$h1244
=CAT  \\$a1805-0738$c20190111$lBLL01$h1816
=CAT  \\$a1805-0738$b00$c20190111$lBLL01$h1834
=FIN  \\$aY$d20180802
=FMT  \\$a  BK
=LAS  \\$a1805-0738$b00$c20190111$lBLL01$h1834
=SRC  \\$aESTC

