=LDR  01891 am a2200409   4500
=001  019012437
=003  Uk
=005  20180808094901.0
=008  791208s1777\\\\enk\\\\\\\\\\o000\0\eng\c
=035  \\$a(Uk-ES)006345621
=040  \\$aUk-ES$cUk-ES$dCStRLIN$dUk-ES$edcrmb
=110  1\$aGreat Britain.$bParliament.
=240  10$aBills. 1777-03-21
=245  13$aAn act for dividing, allotting, and inclosing the open and common fields, commonable lands, cow-pasture or shrub, town-green, heath and waste grounds, within the manor and parish of Weston Colville, in the county of Cambridge.
=260  \\$a[London] :$b[s.n.],$c[1777]
=300  \\$a38, [2] p. ;$c33 cm (2⁰)
=500  \\$aEnacted: Private Acts, 17 Geo.III.c.123.
=500  \\$aCaption title.
=500  \\$aWith a docket title dated 1777.
=500  \\$aWoodcut ornaments; woodcut factotum.
=500  \\$aSignatures: A-K².
=510  4\$aESTC,$cT74690
=530  \\$aAlso available on microfilm and in the U.K. Parliamentary Papers database which can be accessed by on-site users.
=650  \0$aCommons$zEngland$zCambridgeshire$vEarly works to 1800.
=655  \7$aBills.$2rbgenr
=700  0\$aGeorge$bIII,$cKing of Great Britain,$d1738-1820,$eformer owner.$5Uk
=700  0\$aGeorge$bIV,$cKing of Great Britain,$d1762-1830,$edonor.$5Uk
=752  \\$aGreat Britain$bEngland$dLondon.
=852  41$aBritish Library$bHMNTS$jB.S.Ref.2/52.(21)$qCopy at B.S.Ref.2/52.(21). Imperfect: wanting the final leaf (sig. K2) containing the docket title.
=852  41$aBritish Library$bHMNTS$j216.i.3.(32)
=852  41$aBritish Library$bHMNTS$jB.S.302/76.(123)
=856  41$uhttps://parlipapers.proquest.com/parlipapers/docview/t70.d75.pb-003219?$yProquest U.K. Parliamentary Papers
=CAT  \\$a3251$b40$c20180808$lBLL01$h0949
=FIN  \\$aY$d20180808
=FMT  \\$a  BK
=LAS  \\$a3251$b40$c20180808$lBLL01$h0949
=SRC  \\$aESTC

