=LDR  01903 am a2200397   4500
=001  019012468
=003  Uk
=005  20180808103603.0
=008  791208s1777\\\\enk\\\\\\\\\\o000\0\eng\c
=035  \\$a(Uk-ES)006345710
=040  \\$aUk-ES$cUk-ES$dCU-RivES$dCStRLIN$dCU-RivES$dUk-ES$edcrmb
=110  1\$aGreat Britain.$bParliament.
=240  10$aBills. 1777-03-26
=245  13$aAn act for vesting the real and personal estate of John Harvey, gentleman, a lunatic, in trustees, in trust so sell so much thereof as will be sufficient for the payment of the debts and legacies of John Harvey his late father deceased, and for other purposes therein mentioned.
=260  \\$a[London] :$b[s.n.],$c[1777]
=300  \\$a16, [2] p. ;$c33 cm (2⁰)
=500  \\$aEnacted: Private Acts, 17 Geo.III.c.93.
=500  \\$aCaption title.
=500  \\$aWith a docket title dated 1777.
=500  \\$aWoodcut ornaments; woodcut factotum.
=500  \\$aSignatures: A-C² D²(-D2) E².
=510  4\$aESTC,$cT74779
=530  \\$aAlso available on microfilm and in the U.K. Parliamentary Papers database which can be accessed by on-site users.
=655  \7$aBills.$2rbgenr
=700  0\$aGeorge$bIII,$cKing of Great Britain,$d1738-1820,$eformer owner.$5Uk
=700  0\$aGeorge$bIV,$cKing of Great Britain,$d1762-1830,$edonor.$5Uk
=752  \\$aGreat Britain$bEngland$dLondon.
=852  41$aBritish Library$bHMNTS$j216.i.3.(48)
=852  41$aBritish Library$bHMNTS$jB.S.302/76.(93)
=852  41$aBritish Library$bHMNTS$jB.S.Ref.2/51.(33)$qCopy at B.S.Ref.2/51.(33). Imperfect: wanting the final leaf (sig. E2) containing the docket title.
=856  41$uhttps://parlipapers.proquest.com/parlipapers/docview/t70.d75.pb-003139?$yProquest U.K. Parliamentary Papers
=CAT  \\$a3251$b40$c20180808$lBLL01$h1036
=FIN  \\$aY$d20180808
=FMT  \\$a  BK
=LAS  \\$a3251$b40$c20180808$lBLL01$h1036
=SRC  \\$aESTC

