=LDR  02054 am a2200397   4500
=001  019012480
=003  Uk
=005  20180808105341.0
=008  791208s1777\\\\enk\\\\\\\\\\o000\0\eng\c
=035  \\$a(Uk-ES)006345707
=040  \\$aUk-ES$cUk-ES$dCU-RivES$dCStRLIN$dCU-RivES$dUk-ES$edcrmb
=110  1\$aGreat Britain.$bParliament.
=240  10$aBills. 1777-02-11
=245  13$aAn act to enable William Jackson and Hannah his wife to carry into execution an agreement for sale of certain hereditaments situate at or near Barney, in the county of Norfolk (being their settled estate) to Richard Reeve the younger, gentleman, and for laying out the money arising by such sale in the purchase of other lands and hereditaments, to be settled to the uses to which the said settled estate doth now stand limited.
=260  \\$a[London] :$b[s.n.],$c[1777]
=300  \\$a12, [2] p. ;$c33 cm (2⁰)
=500  \\$aEnacted: Private Acts, 17 Geo.III.c.90.
=500  \\$aCaption title.
=500  \\$aWith a docket title dated 1777.
=500  \\$aWoodcut head-piece; woodcut factotum.
=500  \\$aSignatures: A-B² C²(-C2) D².
=510  4\$aESTC,$cT74776
=530  \\$aAlso available on microfilm and in the U.K. Parliamentary Papers database which can be accessed by on-site users.
=655  \7$aBills.$2rbgenr
=700  0\$aGeorge$bIII,$cKing of Great Britain,$d1738-1820,$eformer owner.$5Uk
=700  0\$aGeorge$bIV,$cKing of Great Britain,$d1762-1830,$edonor.$5Uk
=752  \\$aGreat Britain$bEngland$dLondon.
=852  41$aBritish Library$bHMNTS$jB.S.Ref.2/51.(30)$qCopy at B.S.Ref.2/51.(30). Imperfect: wanting the final leaf (sig. D2) containing the docket title.
=852  41$aBritish Library$bHMNTS$jB.S.302/76.(90)
=852  41$aBritish Library$bHMNTS$j216.i.3.(50)
=856  41$uhttps://parlipapers.proquest.com/parlipapers/docview/t70.d75.pb-003136?$yProquest U.K. Parliamentary Papers
=CAT  \\$a3251$b40$c20180808$lBLL01$h1053
=FIN  \\$aY$d20180808
=FMT  \\$a  BK
=LAS  \\$a3251$b40$c20180808$lBLL01$h1053
=SRC  \\$aESTC

