=LDR  01737 am a2200385   4500
=001  019014661
=003  Uk
=005  20180810094954.0
=008  791208s1777\\\\enk\\\\\\\\\\o000\0\eng\c
=035  \\$a(Uk-ES)006345666
=040  \\$aUk-ES$cUk-ES$dCStRLIN$dUk-ES$edcrmb
=110  1\$aGreat Britain.$bParliament.
=240  10$aBills. 1777-02-21
=245  13$aAn act for dividing and inclosing Fremington Edge and Fremington Moor, and certain waste grounds in the township of Fremington, in the parish of Grinton, in the North Riding of the county of York.
=260  \\$a[London] :$b[s.n.],$c[1777]
=300  \\$a20, [2] p ;$c33 cm (2⁰)
=500  \\$aEnacted: Private Acts, 17 Geo.III.c.45.
=500  \\$aCaption title.
=500  \\$aDocket title dated 1777.
=500  \\$aWoodcut ornaments; woodcut factotum.
=500  \\$aSignatures: A-D² E²(-E2) F².
=510  4\$aESTC,$cT74735
=530  \\$aAlso available on microfilm and in the U.K. Parliamentary Papers database which can be accessed by on-site users.
=655  \7$aBills.$2rbgenr
=700  0\$aGeorge$bIII,$cKing of Great Britain,$d1738-1820,$eformer owner.$5Uk
=700  0\$aGeorge$bIV,$cKing of Great Britain,$d1762-1830,$edonor.$5Uk
=752  \\$aGreat Britain$bEngland$dLondon.
=852  41$aBritish Library$bHMNTS$jB.S.Ref.2/50.(34)$qCopy at B.S.Ref.2/50.(34). Imperfect: wanting the final leaf (sig. F2) containing the docket title.
=852  41$aBritish Library$bHMNTS$j216.i.4.(25)
=856  41$uhttps://parlipapers.proquest.com/parlipapers/docview/t70.d75.pb-003184?$yProquest U.K. Parliamentary Papers
=CAT  \\$a3251$b40$c20180810$lBLL01$h0949
=FIN  \\$aY$d20180810
=FMT  \\$a  BK
=LAS  \\$a3251$b40$c20180810$lBLL01$h0949
=SRC  \\$aESTC

