=LDR  01775 am a2200397   4500
=001  019014668
=003  Uk
=005  20180810101106.0
=008  791208s1777\\\\enk\\\\\\\\\\o000\0\eng\c
=035  \\$a(Uk-ES)006345602
=040  \\$aUk-ES$cUk-ES$dCStRLIN$dUk-ES$edcrmb
=110  1\$aGreat Britain.$bParliament.
=240  10$aBills. 1777-03-03
=245  13$aAn act for dividing and enclosing the open and common fields, and certain commonable lands, within the parish of Farmborough, otherwise Farnborough in the county of Berks.
=260  \\$a[London] :$b[s.n.],$c[1777]
=300  \\$a14, [2] p. ;$c33 cm (2⁰)
=500  \\$aEnacted: Private Acts, 17 Geo.III.c.121.
=500  \\$aCaption title.
=500  \\$aWith a docket title dated 1777.
=500  \\$aWoodcut head-piece; woodcut factotum.
=500  \\$aSignatures: A-D².
=510  4\$aESTC,$cT74671
=530  \\$aAlso available on microfilm and in the U.K. Parliamentary Papers database which can be accessed by on-site users.
=650  \0$aCommons$zEngland$zBerkshire$vEarly works to 1800.
=655  \7$aBills.$2rbgenr
=700  0\$aGeorge$bIII,$cKing of Great Britain,$d1738-1820,$eformer owner.$5Uk
=700  0\$aGeorge$bIV,$cKing of Great Britain,$d1762-1830,$edonor.$5Uk
=752  \\$aGreat Britain$bEngland$dLondon.
=852  41$aBritish Library$bHMNTS$jB.S.Ref.2/52.(19)$qCopy at B.S.Ref.2/52.(19). Imperfect: wanting the final leaf (sig. D2) containing the docket title.
=852  41$aBritish Library$bHMNTS$j216.i.4.(26)
=856  41$uhttps://parlipapers.proquest.com/parlipapers/docview/t70.d75.pb-003217?$yProquest U.K. Parliamentary Papers
=CAT  \\$a3251$b40$c20180810$lBLL01$h1011
=FIN  \\$aY$d20180810
=FMT  \\$a  BK
=LAS  \\$a3251$b40$c20180810$lBLL01$h1011
=SRC  \\$aESTC

