=LDR  01654 am a2200397   4500
=001  019017175
=003  Uk
=005  20180813123612.0
=008  791208s1777\\\\enk\\\\\\\\\\o000\0\eng\c
=035  \\$a(Uk-ES)006345611
=040  \\$aUk-ES$cUk-ES$dCStRLIN$dUk-ES$edcrmb
=110  1\$aGreat Britain.$bParliament.
=240  10$aBillS. 1777-03-11
=245  13$aAn act for dividing, allotting, and inclosing the several moors, commons, and waste grounds, lying within the manor and parish of Farlam, in the county of Cumberland.
=260  \\$a[London] :$b[s.n.],$c[1777]
=300  \\$a27, [1] p. ;$c33 cm (2⁰)
=500  \\$aDocket title dated 1777.
=500  \\$aEnacted: Private Acts, Geo.III.c.64.
=500  \\$aCaption title.
=500  \\$aWoodcut ornaments; woodcut factotum.
=500  \\$aSignatures: A-G².
=510  4\$aESTC,$cT74680
=530  \\$aAlso available on microfilm and in the U.K. Parliamentary Papers database which can be accessed by on-site users.
=650  \0$aCommons$zEngland$zCumbria$vEarly works to 1800.
=655  \7$aBills.$2rbgenr
=700  0\$aGeorge$bIII,$cKing of Great Britain,$d1738-1820,$eformer owner.$5Uk
=700  0\$aGeorge$bIV,$cKing of Great Britain,$d1762-1830,$edonor.$5Uk
=752  \\$aGreat Britain$bEngland$dLondon.
=852  41$aBritish Library$bHMNTS$j216.i.4.(27)
=852  41$aBritish Library$bHMNTS$jB.S.Ref.2/51.(5)
=856  41$uhttps://parlipapers.proquest.com/parlipapers/docview/t70.d75.pb-003111?$yProquest U.K. Parliamentary Papers
=CAT  \\$a3251$b40$c20180813$lBLL01$h1236
=FIN  \\$aY$d20180813
=FMT  \\$a  BK
=LAS  \\$a3251$b40$c20180813$lBLL01$h1236
=SRC  \\$aESTC

