=LDR  01816 am a2200397   4500
=001  019017195
=003  Uk
=005  20180813133524.0
=008  791208s1777\\\\enk\\\\\\\\\\o000\0\eng\c
=035  \\$a(Uk-ES)006345722
=040  \\$aUk-ES$cUk-ES$dCU-RivES$dCStRLIN$dCU-RivES$dUk-ES$edcrmb
=110  1\$aGreat Britain.$bParliament.
=240  10$aBills. 1776-11-20
=245  13$aAn act to enable the mayor, aldermen, and burgesses of the town of Great Torrington, in the county of Devon, and other trustees, to grant part of the common or waste lands called Great Torrington Common, to William Callon, pursuant to an agreement for that purpose, and other the purposes therein-mentioned.
=260  \\$a[London] :$b[s.n.],$c[1777]
=300  \\$a11, [1] p. ;$c33 cm (2⁰)
=500  \\$aDocket title dated 1777.
=500  \\$aEnacted: Private Acts, 17 Geo.III.c.9.
=500  \\$aCaption title.
=500  \\$aWoodcut head-piece; woodcut factotum.
=500  \\$aSignatures: A-C².
=510  4\$aESTC,$cT74791
=530  \\$aAlso available on microfilm and in the U.K. Parliamentary Papers database which can be accessed by on-site users.
=650  \0$aCommons$zEngland$zDevon$vEarly works to 1800.
=655  \7$aBills.$2rbgenr
=700  0\$aGeorge$bIII,$cKing of Great Britain,$d1738-1820,$eformer owner.$5Uk
=700  0\$aGeorge$bIV,$cKing of Great Britain,$d1762-1830,$edonor.$5Uk
=752  \\$aGreat Britain$bEngland$dLondon.
=852  41$aBritish Library$bHMNTS$jB.S.Ref.2/50.(6)
=852  41$aBritish Library$bHMNTS$j216.i.4.(30)
=856  41$uhttps://parlipapers.proquest.com/parlipapers/docview/t70.d75.pb-003156?$yProquest U.K. Parliamentary Papers
=CAT  \\$a3251$b40$c20180813$lBLL01$h1335
=FIN  \\$aY$d20180813
=FMT  \\$a  BK
=LAS  \\$a3251$b40$c20180813$lBLL01$h1335
=SRC  \\$aESTC

