=LDR  02629 am a2200397   4500
=001  019020268
=003  Uk
=005  20180815100204.0
=008  791208s1777\\\\enk\\\\\\\\\\o000\0\eng\c
=035  \\$a(Uk-ES)006345708
=040  \\$aUk-ES$cUk-ES$dCStRLIN$dUk-ES$edcrmb
=110  1\$aGreat Britain.$bParliament.
=240  10$aBills. 1777-02-26
=245  13$aAn act for vesting certain messuages, lands, tenements, and hereditaments, in the Isle of Wight, the settled estate of Elizabeth Trattle, of Cardiff, in the county of Glamorgan, widow; and also a certain messuage and lands, and hereditaments, of the warden and scholars, clerks, of Saint Mary college of Winchester, near Winchester, in the county of Southampton, in trustees, in trust to sell and convey part of the said settled estate, and also the said estate of the said warden and scholars, clerks, to Sir Richard Worsley, Baronet, and other part of the said settled estates to the said warden and scholars, clerks;$band to apply part of the money arising from such sale in payment off an incumbrance affecting part of the said settled estate, and for laying out the residue of the said money in the purchase of other lands and hereditaments to be settled to the like uses; and to enable the said warden and scholars, clerks, to take a conveyance of that part of the said settled estates intended to be conveyed to them.
=260  \\$a[London] :$b[s.n.],$c[1777]
=300  \\$a20, [2] p. ;$c33 cm (2⁰)
=500  \\$aEnacted: Private Acts, 17 Geo.III.c.91.
=500  \\$aCaption title.
=500  \\$aWith a docket title dated 1777.
=500  \\$aWoodcut ornaments; woodcut factotum.
=500  \\$aSignatures: A-D² E²(-E2) F².
=510  4\$aESTC,$cT74777
=530  \\$aAlso available on microfilm and in the U.K. Parliamentary Papers database which can be accessed by on-site users.
=655  \7$aBills.$2rbgenr
=700  0\$aGeorge$bIII,$cKing of Great Britain,$d1738-1820,$eformer owner.$5Uk
=700  0\$aGeorge$bIV,$cKing of Great Britain,$d1762-1830,$edonor.$5Uk
=752  \\$aGreat Britain$bEngland$dLondon.
=852  41$aBritish Library$bHMNTS$j216.i.3.(61)
=852  41$aBritish Library$bHMNTS$jB.S.Ref.2/51.(31)$qCopy at B.S.Ref.2/51.(31). Imperfect: wanting the final leaf (sig. F2) containing the docket title.
=852  41$aBritish Library$bHMNTS$jB.S.302/76.(91)
=856  41$uhttps://parlipapers.proquest.com/parlipapers/docview/t70.d75.pb-003137?$yProquest U.K. Parliamentary Papers
=CAT  \\$a3251$b40$c20180815$lBLL01$h1002
=FIN  \\$aY$d20180815
=FMT  \\$a  BK
=LAS  \\$a3251$b40$c20180815$lBLL01$h1002
=SRC  \\$aESTC

