=LDR  02146 am a2200433   4500
=001  019020482
=003  Uk
=005  20180815102653.0
=008  791208s1777\\\\enk\\\\\\\\\\o000\0\eng\c
=035  \\$a(Uk-ES)006345626
=040  \\$aUk-ES$cUk-ES$dCStRLIN
=110  1\$aGreat Britain.$bParliament.
=240  10$aBills. 1777-03-21
=245  13$aAn act for inclosing the open and common fields, and commonable grounds, within the parish of Gilmorton, in the county of Leicester.
=260  \\$a[London] :$b[s.n.],$c[1777]
=300  \\$a22, [2] p. ;$c33 cm (2⁰)
=500  \\$aA variant has title and docket-title "An act for dividing and inclosing the open and common fields, and commonable grounds, within the parish of Gilmorton, in the county of Leicester".
=500  \\$aEnacted: Private Acts, 17 Geo.III.c.122.
=500  \\$aCaption title.
=500  \\$aWith a docket title dated 1777.
=500  \\$aWoodcut ornaments; woodcut factotum.
=500  \\$aSignatures: A-F².
=510  4\$aESTC,$cT74695
=530  \\$aAlso available on microfilm and in the U.K. Parliamentary Papers database which can be accessed by on-site users.
=650  \0$aCommons$zEngland$zLeicestershire$vEarly works to 1800.
=655  \7$aBills.$2rbgenr
=700  0\$aGeorge$bIII,$cKing of Great Britain,$d1738-1820,$eformer owner.$5Uk
=700  0\$aGeorge$bIV,$cKing of Great Britain,$d1762-1830,$edonor.$5Uk
=740  32$aAn act for dividing and inclosing the open and common fields, and commonable grounds, within the parish of Gilmorton, in the county of Leicester.
=752  \\$aGreat Britain$bEngland$dLondon.
=852  41$aBritish Library$bHMNTS$jB.S.Ref.2/52.(20)$qCopy at B.S.Ref.2/52.(20). Imperfect: wanting the final leaf (sig. F2) containing the docket title.
=852  41$aBritish Library$bHMNTS$j216.i.4.(32)
=852  41$aBritish Library$bHMNTS$jB.S.302/76.(122)
=856  41$uhttps://parlipapers.proquest.com/parlipapers/docview/t70.d75.pb-003218?$yProquest U.K. Parliamentary Papers
=CAT  \\$a3251$b40$c20180815$lBLL01$h1026
=FIN  \\$aY$d20180815
=FMT  \\$a  BK
=LAS  \\$a3251$b40$c20180815$lBLL01$h1026
=SRC  \\$aESTC

