=LDR  02076 am a2200421   4500
=001  019020493
=003  Uk
=005  20180820180016.0
=008  791208s1777\\\\enk\\\\\\\\\\o000\0\eng\c
=035  \\$a(Uk-ES)006345696
=040  \\$aUk-ES$cUk-ES$dCU-RivES$dCStRLIN$dCU-RivES$dUk-ES$edcrmb
=110  1\$aGreat Britain.$bParliament.
=240  10$aBills. 1776-04-22
=245  13$aAn Act for vesting the undivided moiety of the Reverend Henry Osman clerk and Mary his wife, of and in certain lands and heriditaments in the parish of King's Langley in the county of Hertford, in trustees, to be sold;$band for applying part of the money arising by such sale in discharge of an incumbrance upon the said moiety; and for laying out the residue thereof in the purchase of entire messuages, lands, or hereditaments to be settled, in lieu thereof, to the same uses.
=260  \\$a[London] :$b[s.n.],$c[1777]
=300  \\$a17, [1] p. ;$c33 cm (2⁰)
=500  \\$aDocket title dated 1777.
=500  \\$aEnacted: Private Acts, 17 Geo.III.c.54.
=500  \\$aCaption title.
=500  \\$aMarginal notes.
=500  \\$aWoodcut ornaments; woodcut factotum.
=500  \\$aSignatures: A-D² [chi]1.
=510  4\$aESTC,$cT74765
=530  \\$aAlso available on microfilm and in the U.K. Parliamentary Papers database which can be accessed by on-site users.
=650  \0$aEstates (Law)$zEngland$vEarly works to 1800.
=655  \7$aBills.$2rbgner
=700  0\$aGeorge$bIII,$cKing of Great Britain,$d1738-1820,$eformer owner.$5Uk
=700  0\$aGeorge$bIV,$cKing of Great Britain,$d1762-1830,$edonor.$5Uk
=752  \\$aGreat Britain$bEngland$dLondon.
=852  41$aBritish Library$bHMNTS$j216.i.3.(54)
=852  41$aBritish Library$bHMNTS$jB.S.Ref.2/50.(42)
=856  41$uhttps://parlipapers.proquest.com/parlipapers/docview/t70.d75.pb-003192?$yProquest U.K. Parliamentary Papers
=CAT  \\$a3251$b40$c20180815$lBLL01$h1047
=CAT  \\$a12121$b40$c20180820$lBLL01$h1800
=FIN  \\$aY$d20180815
=FMT  \\$a  BK
=LAS  \\$a12121$b40$c20180820$lBLL01$h1800
=SRC  \\$aESTC

