=LDR  01990 am a2200397   4500
=001  019020498
=003  Uk
=005  20180815110121.0
=008  791208s1777\\\\enk\\\\\\\\\\o000\0\eng\c
=035  \\$a(Uk-ES)006345712
=040  \\$aUk-ES$cUk-ES$dCStRLIN$dUk-ES$edcrmb
=110  1\$aGreat Britain.$bParliament.
=240  10$aBills. 1777-03-27
=245  13$aAn act for rendering valid and effectual a partition between Taylor White Esquire, and Sarah his wife, and Thomas Fowke Esquire, and Ann his wife, of several estates in the counties of Huntingdon, Leicester, Cambridge, Essex, and Kent; and for vesting the settling the same to the usesand upon the trusts contained in their respective marriage settlements; and for other purposes therein mentioned.
=260  \\$a[London] :$b[s.n.],$c[1777]
=300  \\$a30, [2] p. ;$c33 cm (2⁰)
=500  \\$aEnacted: Private Acts, 17 Geo.III.c.95.
=500  \\$aCaption title.
=500  \\$aWith a docket title dated 1777.
=500  \\$aWoodcut ornaments; woodcut factotum.
=500  \\$aSignatures: A-H².
=510  4\$aESTC,$cT74781
=530  \\$aAlso available on microfilm and in the U.K. Parliamentary Papers database which can be accessed by on-site users.
=655  \7$aBills.$2rbgenr
=700  0\$aGeorge$bIII,$cKing of Great Britain,$d1738-1820,$eformer owner.$5Uk
=700  0\$aGeorge$bIV,$cKing of Great Britain,$d1762-1830,$edonor.$5Uk
=752  \\$aGreat Britain$bEngland$dLondon.
=852  41$aBritish Library$bHMNTS$jB.S.Ref.2/51.(35)$qCopy at B.S.Ref.2/51.(35). Imperfect: wanting the final leaf (sig. H2) containing the docket title.
=852  41$aBritish Library$bHMNTS$j216.i.3.(64)
=852  41$aBritish Library$bHMNTS$jB.S.302/76.(95)
=856  41$uhttps://parlipapers.proquest.com/parlipapers/docview/t70.d75.pb-003141?$yProquest U.K. Parliamentary Papers
=CAT  \\$a3251$b40$c20180815$lBLL01$h1101
=FIN  \\$aY$d20180815
=FMT  \\$a  BK
=LAS  \\$a3251$b40$c20180815$lBLL01$h1101
=SRC  \\$aESTC

