=LDR  01864 am a2200397   4500
=001  019020534
=003  Uk
=005  20180815115711.0
=008  791208s1777\\\\enk\\\\\\\\\\o000\0\eng\c
=035  \\$a(Uk-ES)006345709
=040  \\$aUk-ES$cUk-ES$dCStRLIN$dUk-ES$edcrmb
=110  1\$aGreat Britain.$bParliament.
=240  10$aBills. 1777-04-09
=245  13$aAn act for vesting part of the settled estates of William Weddell, Esquire, in trustees, to be sold; and for laying out the money arising by such sale in the purchase of lands and hereditaments, to be settled in lieu thereof; and for the other purposes therein mentioned.
=260  \\$a[London] :$b[s.n.],$c[1777]
=300  \\$a25, [3] p. ;$c33 cm (2⁰)
=500  \\$aEnacted: Private Acts, 17 Geo.III.c.92.
=500  \\$aCaption title.
=500  \\$aWith a docket title dated 1777.
=500  \\$aWoodcut head-piece; woodcut factotum.
=500  \\$aSignatures: A-G².
=510  4\$aESTC,$cT74778
=530  \\$aAlso available on microfilm and in the U.K. Parliamentary Papers database which can be accessed by on-site users.
=655  \7$aBills.$2rbgenr
=700  0\$aGeorge$bIII,$cKing of Great Britain,$d1738-1820,$eformer owner.$5Uk
=700  0\$aGeorge$bIV,$cKing of Great Britain,$d1762-1830,$edonor.$5Uk
=752  \\$aGreat Britain$bEngland$dLondon.
=852  41$aBritish Library$bHMNTS$jB.S.302/76.(92)
=852  41$aBritish Library$bHMNTS$jB.S.Ref.2/51.(32)$qCopy at B.S.Ref.2/51.(32). Imperfect: wanting the final leaf (sig. G2) containing the docket title.
=852  41$aBritish Library$bHMNTS$j216.i.3.(65)
=856  41$uhttps://parlipapers.proquest.com/parlipapers/docview/t70.d75.pb-003138?$yProquest U.K. Parliamentary Papers
=CAT  \\$a3251$b40$c20180815$lBLL01$h1157
=FIN  \\$aY$d20180815
=FMT  \\$a  BK
=LAS  \\$a3251$b40$c20180815$lBLL01$h1157
=SRC  \\$aESTC

