=LDR  01945 am a2200409   4500
=001  019020567
=003  Uk
=005  20180815123123.0
=008  791208s1777\\\\enk\\\\\\\\\\o000\0\eng\c
=035  \\$a(Uk-ES)006345642
=040  \\$aUk-ES$cUk-ES$dCStRLIN$dUk-ES$edcrmb
=110  1\$aGreat Britain.$bParliament.
=240  10$aBills. 1777-04-28
=245  13$aAn act for dividing and inclosing the several open fields, carrs, ings or meadow grounds, and commons or waste grounds within the townships of Melbourn and Storthwaite, within the manor of Melbourn with Storthwaite, in the parish of Thornton, in the East Riding of the county of York.
=260  \\$a[London] :$b[s.n.],$c[1777]
=300  \\$a42, [2] p. ;$c33 cm (2⁰)
=500  \\$aCaption title.
=500  \\$aEnacted: Private Acts, 17 Geo.III.c.142.
=500  \\$aWith a docket title dated 1777.
=500  \\$aWoodcut head-piece; woodcut factotum.
=500  \\$aSignatures: A-L².
=510  4\$aESTC,$cT74711
=530  \\$aAlso available on microfilm and in the U.K. Parliamentary Papers database which can be accessed by on-site users.
=650  \0$aCommons$zEngland$zYorkshire$vEarly works to 1800.
=655  \7$aBills.$2rbgenr
=700  0\$aGeorge$bIII,$cKing of Great Britain,$d1738-1820,$eformer owner.$5Uk
=700  0\$aGeorge$bIV,$cKing of Great Britain,$d1762-1830,$edonor.$5Uk
=752  \\$aGreat Britain$bEngland$dLondon.
=852  41$aBritish Library$bHMNTS$j216.i.4.(56)
=852  41$aBritish Library$bHMNTS$jB.S.Ref.2/52.(37)$qCopy at B.S.Ref.2/52.(37). Imperfect: wanting the final leaf (sig. L2) containing the docket title.
=852  41$aBritish Library$bHMNTS$jB.S.302/76.(142)
=856  41$uhttps://parlipapers.proquest.com/parlipapers/docview/t70.d75.pb-003235?$yProquest U.K. Parliamentary Papers
=CAT  \\$a3251$b40$c20180815$lBLL01$h1231
=FIN  \\$aY$d20180815
=FMT  \\$a  BK
=LAS  \\$a3251$b40$c20180815$lBLL01$h1231
=SRC  \\$aESTC

