=LDR  01707 am a2200409   4500
=001  019023629
=003  Uk
=005  20180820145104.0
=008  791208s1777\\\\enk\\\\\\\\\\o000\0\eng\c
=035  \\$a(Uk-ES)006345624
=040  \\$aUk-ES$cUk-ES$dCStRLIN$dUk-ES$edcrmb
=110  1\$aGreat Britain.$bParliament.
=240  10$aBills. 1777-03-21
=245  13$aAn act for dividing and inclosing the open fields, meadows, commons, and waste grounds within the parishes of Halam and Edingley, in the county of Nottingham.
=260  \\$a[London] :$b[s.n.],$c[1777]
=300  \\$a35, [1] p. ;$c33 cm (2⁰)
=500  \\$aDocket title dated 1777.
=500  \\$aEnacted: Private Acts, 17 Geo.III.c.117.
=500  \\$aCaption title.
=500  \\$aWoodcut ornaments; woodcut factotum.
=500  \\$aSignatures: A-I².
=510  4\$aESTC,$cT74693
=530  \\$aAlso available on microfilm and in the U.K. Parliamentary Papers database which can be accessed by on-site users.
=650  \0$aCommons$vEngland$vNottinghamshire$zEarly works to 1800.
=655  \7$aBills.$2rbgenr
=700  0\$aGeorge$bIII,$cKing of Great Britain,$d1738-1820,$eformer owner.$5Uk
=700  0\$aGeorge$bIV,$cKing of Great Britain,$d1762-1830,$edonor.$5Uk
=752  \\$aGreat Britain$bEngland$dLondon.
=852  41$aBritish Library$bHMNTS$j216.i.4.(40)
=852  41$aBritish Library$bHMNTS$jB.S.Ref.2/52.(15)
=856  41$uhttps://parlipapers.proquest.com/parlipapers/docview/t70.d75.pb-003213?$yProquest U.K. Parliamentary Papers
=CAT  \\$a3251$b40$c20180820$lBLL01$h1448
=CAT  \\$a3251$b40$c20180820$lBLL01$h1451
=FIN  \\$aY$d20180820
=FMT  \\$a  BK
=LAS  \\$a3251$b40$c20180820$lBLL01$h1451
=SRC  \\$aESTC

