=LDR  01830 am a2200397   4500
=001  019023647
=003  Uk
=005  20180820154459.0
=008  791208s1777\\\\enk\\\\\\\\\\o000\0\eng\c
=035  \\$a(Uk-ES)006345609
=040  \\$aUk-ES$cUk-ES$dCStRLIN$dUk-ES$edcrmb
=110  1\$aGreat Britain.$bParliament.
=240  10$aBills. 1777-03-11
=245  13$aAn act for dividing, allotting, and inclosing certain commons or waste grounds within the several township of Kingsley, Newton near Kingsley, Norley, and Crowton, in the parishes of Frodsham and Weaverham in the county of Chester.
=260  \\$a[London] :$b[s.n.],$c[1777]
=300  \\$a36, [2] p. ;$c33 cm (2⁰)
=500  \\$aEnacted: Private Acts, 17 Geo.III.c.100.
=500  \\$aCaption title.
=500  \\$aWith a docket title dated 1777.
=500  \\$aWoodcut head-piece; woodcut factotum.
=500  \\$aSignatures: A-I² [chi]1.
=510  4\$aESTC,$cT74678
=530  \\$aAlso available on microfilm and in the U.K. Parliamentary Papers database which can be accessed by on-site users.
=650  \0$aCommons$zEngland$zCheshire$vEarly works to 1800.
=655  \7$aBills.$2rbgenr
=700  0\$aGeorge$bIII,$cKing of Great Britain,$d1738-1820,$eformer owner.$5Uk
=700  0\$aGeorge$bIV,$cKing of Great Britain,$d1762-1830,$edonor.$5Uk
=752  \\$aGreat Britain$bEngland$dLondon.
=852  41$aBritish Library$bHMNTS$j216.i.4.(45)
=852  41$aBritish Library$bHMNTS$jB.S.Ref.2/51.(40)$qCopy at B.S.Ref.2/51.(40). Imperfect: wanting the final leaf containing the docket title.
=856  41$uhttps://parlipapers.proquest.com/parlipapers/docview/t70.d75.pb-003146?$yProquest U.K. Parliamentary Papers
=CAT  \\$a3251$b40$c20180820$lBLL01$h1544
=FIN  \\$aY$d20180820
=FMT  \\$a  BK
=LAS  \\$a3251$b40$c20180820$lBLL01$h1544
=SRC  \\$aESTC

