=LDR  01937cam a2200445   4500
=001  019025191
=003  Uk
=005  20180821123533.0
=008  791208s1777\\\\enk\\\\\\\\\\o000\0\eng\c
=035  \\$a(Uk-ES)006345633
=040  \\$aUk-ES$cUk-ES$dCStRLIN$dUk-ES$edcrmb
=110  1\$aGreat Britain.$bParliament.
=240  10$aBills. 1777-03-27
=245  13$aAn act for dividing and inclosing the open and common fields, common pastures, common meadows, and other commonable lands and grounds, of and within the manor, parish, and liberties of Killesby, in the county of Northampton.
=260  \\$aLondon :$bprinted by T. Bensley,$c1777.
=300  \\$a41, [1] p. ;$c33 cm (2⁰)
=500  \\$aEnacted: Private Acts, 17 Geo.III.c.113.
=500  \\$aCaption title.
=500  \\$aImprint from docket title.
=500  \\$aWoodcut ornaments; woodcut factotum.
=500  \\$aSignatures: A-D² [chi]1 E-K².
=500  \\$a[chi]1 is signed "E".
=510  4\$aESTC,$cT74702
=530  \\$aAlso available on microfilm and in the U.K. Parliamentary Papers database which can be accessed by on-site users.
=648  \7$a1701-1800$2local
=650  \0$aCommons$zEngland$zNorthamptonshire$vEarly works to 1800.
=655  \7$aBills.$2rbgenr
=700  1\$aBensley, Thomas,$d1759-1835,$eprinter.
=700  0\$aGeorge$bIII,$cKing of Great Britain,$d1738-1820,$eformer owner.$5Uk
=700  0\$aGeorge$bIV,$cKing of Great Britain,$d1762-1830,$edonor.$5Uk
=752  \\$aGreat Britain$bEngland$dLondon.
=852  41$aBritish Library$bHMNTS$jB.S.Ref.2/52.(11)
=852  41$aBritish Library$bHMNTS$j216.i.4.(47)
=856  41$uhttps://parlipapers.proquest.com/parlipapers/docview/t70.d75.pb-003209?$yProquest U.K. Parliamentary Papers
=CAT  \\$a3251$b40$c20180821$lBLL01$h1235
=CAT  \\$aBATCH-UPD$b40$c20231003$lBLL01$h2320
=FIN  \\$aY$d20180821
=FMT  \\$a  BK
=LAS  \\$aBATCH-UPD$b40$c20231003$lBLL01$h2320
=SRC  \\$aESTC

