=LDR  01892 am a2200409   4500
=001  019025201
=003  Uk
=005  20180821130516.0
=008  791208s1777\\\\enk\\\\\\\\\\o000\0\eng\c
=035  \\$a(Uk-ES)006345670
=040  \\$aUk-ES$cUk-ES$dCStRLIN$dUk-ES$edcrmb
=110  1\$aGreat Britain.$bParliament.
=240  10$aBills. 1777-02-12
=245  13$aAn act for dividing, inclosing, assigning and allotting, the open and common field, and commonable land, lying within the liberties, territories, and precincts of Ludgershall, in the county of Buckingham.
=260  \\$a[London] :$b[s.n.],$c[1777]
=300  \\$a29, [3] p. ;$c33 cm (2⁰)
=500  \\$aCaption title.
=500  \\$aWith a docket-title dated 1777.
=500  \\$aEnacted: Private Acts, 17 Geo.III.c.43.
=500  \\$aWoodcut head-piece (royal arms); woodcut factotum; woodcut tail-piece
=500  \\$aSignatures: A-H².
=510  4\$aESTC,$cT74739
=530  \\$aAlso available on microfilm and in the U.K. Parliamentary Papers database which can be accessed by on-site users.
=650  \0$aCommons$zEngland$zBuckinghamshire$vEarly works to 1800.
=655  \7$aBills.$2rbgenr
=700  0\$aGeorge$bIII,$cKing of Great Britain,$d1738-1820,$eformer owner.$5Uk
=700  0\$aGeorge$bIV,$cKing of Great Britain,$d1762-1830,$edonor.$5Uk
=752  \\$aGreat Britain$bEngland$dLondon.
=852  41$aBritish Library$bHMNTS$jB.S.Ref.2/50.(32)$qCopy at B.S.Ref.2/50.(32). Imperfect: wanting the final leaf (sig H2) containing the docket title.
=852  41$aBritish Library$bHMNTS$j216.i.4.(48)
=856  41$uhttps://parlipapers.proquest.com/parlipapers/docview/t70.d75.pb-003182?$yProquest U.K. Parliamentary Papers
=CAT  \\$a3251$b40$c20180821$lBLL01$h1301
=CAT  \\$a3251$b40$c20180821$lBLL01$h1305
=FIN  \\$aY$d20180821
=FMT  \\$a  BK
=LAS  \\$a3251$b40$c20180821$lBLL01$h1305
=SRC  \\$aESTC

