=LDR  01768 am a2200397   4500
=001  019027687
=003  Uk
=005  20180822144410.0
=008  791208s1777\\\\enk\\\\\\\\\\o000\0\eng\c
=035  \\$a(Uk-ES)006345677
=040  \\$aUk-ES$cUk-ES$dCStRLIN$dUk-ES$edcrmb
=110  1\$aGreat Britain.$bParliament.
=240  10$aBills. 1777-02-20
=245  13$aAn act for dividing and inclosing the open and common fields, commonable lands and waste grounds, within the manor and parish of Leadenham, in the county of Lincoln.
=260  \\$a[London] :$b[s.n.],$c[1777]
=300  \\$a32, [2] p. ;$c33 cm (2⁰)
=500  \\$aEnacted: Private Acts, 17 Geo.III.c.118.
=500  \\$aCaption title.
=500  \\$aWith a docket title dated 1777.
=500  \\$aWoodcut ornaments; woodcut factotum.
=500  \\$aSignatures: A-H² [chi]1.
=510  4\$aESTC,$cT74746
=530  \\$aAlso available on microfilm and in the U.K. Parliamentary Papers database which can be accessed by on-site users.
=650  \0$aCommons$zEngland$zLincolnshire$vEarly works to 1800.
=655  \7$aBills.$2rbgenr
=700  0\$aGeorge$bIII,$cKing of Great Britain,$d1738-1820,$eformer owner.$5Uk
=700  0\$aGeorge$bIV,$cKing of Great Britain,$d1762-1830,$edonor.$5Uk
=752  \\$aGreat Britain$bEngland$dLondon.
=852  41$aBritish Library$bHMNTS$jB.S.Ref.2/52.(16)$qCopy at B.S.Ref.2/52.(16). Imperfect: wanting the final leaf containing the docket title.
=852  41$aBritish Library$bHMNTS$j216.i.4.(50)
=856  41$uhttps://parlipapers.proquest.com/parlipapers/docview/t70.d75.pb-003214?$yProquest U.K. Parliamentary Papers
=CAT  \\$a3251$b40$c20180822$lBLL01$h1444
=FIN  \\$aY$d20180822
=FMT  \\$a  BK
=LAS  \\$a3251$b40$c20180822$lBLL01$h1444
=SRC  \\$aESTC

