=LDR  01721 am a2200397   4500
=001  019027696
=003  Uk
=005  20180822145855.0
=008  791208s1777\\\\enk\\\\\\\\\\o000\0\eng\c
=035  \\$a(Uk-ES)006345680
=040  \\$aUk-ES$cUk-ES$dCStRLIN$dUk-ES$edcrmb
=110  1\$aGreat Britain.$bParliament.
=240  10$aBills. 1777-02-24
=245  13$aAn act for dividing, allotting, and inclosing the open and common fields, heaths, half year lands, and other commonable meadows, pastures, and grounds within the parish of Little Cressingham, in the county of Norfolk.
=260  \\$a[London] :$b[s.n.],$c[1777]
=300  \\$a21, [1] p. ;$c33 cm (2⁰)
=500  \\$aDocket title dated 1777.
=500  \\$aEnacted: Private Acts, 17 Geo.III.c.62.
=500  \\$aCaption title.
=500  \\$aWoodcut head-piece; woodut factotum.
=500  \\$aSignatures: A-D² E²(-E2) F².
=510  4\$aESTC,$cT74749
=530  \\$aAlso available on microfilm and in the U.K. Parliamentary Papers database which can be accessed by on-site users.
=650  \0$aCommons$zEngland$zNorfolk$vEarly works to 1800.
=655  \7$aBills.$2rbgenr
=700  0\$aGeorge$bIII,$cKing of Great Britain,$d1738-1820,$eformer owner.$5Uk
=700  0\$aGeorge$bIV,$cKing of Great Britain,$d1762-1830,$edonor.$5Uk
=752  \\$aGreat Britain$bEngland$dLondon.
=852  41$aBritish Library$bHMNTS$j216.i.4.(51)
=852  41$aBritish Library$bHMNTS$jB.S.Ref.2/51.(3)
=856  41$uhttps://parlipapers.proquest.com/parlipapers/docview/t70.d75.pb-003109?$yProquest U.K. Parliamentary Papers
=CAT  \\$a3251$b40$c20180822$lBLL01$h1458
=FIN  \\$aY$d20180822
=FMT  \\$a  BK
=LAS  \\$a3251$b40$c20180822$lBLL01$h1458
=SRC  \\$aESTC

