=LDR  01720 am a2200397   4500
=001  019028333
=003  Uk
=005  20180823101358.0
=008  791208s1777\\\\enk\\\\\\\\\\o000\0\eng\c
=035  \\$a(Uk-ES)006345631
=040  \\$aUk-ES$cUk-ES$dCStRLIN$dUk-ES
=110  1\$aGreat Britain.$bParliament.
=240  10$aBills. 1777-03-27
=245  13$aAn act for dividing, allotting, and inclosing a certain common or waste ground called Halton Moor, in the township of Halton, in the manor of Templenewsam, in the parish of Whitkirke, in the West Riding of the County of York.
=260  \\$a[London] :$b[s.n.],$c[1777]
=300  \\$a17, [1] p. ;$c33 cm (2⁰)
=500  \\$aDocket title. dated 1777.
=500  \\$aEnacted: Private Acts, 17 Geo.III.c.98.
=500  \\$aCaption title.
=500  \\$aWoodcut ornaments; woodcut factotum.
=500  \\$aSignatures: A-D² [chi]1.
=510  4\$aESTC,$cT74700
=530  \\$aAlso available on microfilm and in the U.K. Parliamentary Papers database which can be accessed by on-site users.
=650  \0$aCommons$zEngland$zYorkshire$vEarly works to 1800.
=655  \7$aBills.$2rbgenr
=700  0\$aGeorge$bIII,$cKing of Great Britain,$d1738-1820,$eformer owner.$5Uk
=700  0\$aGeorge$bIV,$cKing of Great Britain,$d1762-1830,$edonor.$5Uk
=752  \\$aGreat Britain$bEngland$dLondon.
=852  41$aBritish Library$bHMNTS$j216.i.4.(41)
=852  41$aBritish Library$bHMNTS$jB.S.Ref.2/51.(38)
=856  41$uhttps://parlipapers.proquest.com/parlipapers/docview/t70.d75.pb-003144?$yProquest U.K. Parliamentary Papers
=CAT  \\$a3251$b40$c20180823$lBLL01$h1013
=FIN  \\$aY$d20180823
=FMT  \\$a  BK
=LAS  \\$a3251$b40$c20180823$lBLL01$h1013
=SRC  \\$aESTC

