=LDR  01770 am a2200397   4500
=001  019028358
=003  Uk
=005  20180823110857.0
=008  791208s1777\\\\enk\\\\\\\\\\o000\0\eng\c
=035  \\$a(Uk-ES)006345648
=040  \\$aUk-ES$cUk-ES$dCStRLIN$dUk-ES$edcrmb
=110  1\$aGreat Britain.$bParliament.
=240  10$aBills. 1777-01-27
=245  13$aAn act for dividing and inclosing the common and waste grounds within the manor or Lordship of King's Meaburn, in the parish of Moreland, in the County of Westmorland.
=260  \\$a[London] :$b[s.n.],$c[1777]
=300  \\$a26, [2] p. ;$c33 cm (2⁰)
=500  \\$aEnacted: Private Acts, 17 Geo.III.c.14.
=500  \\$aCaption title.
=500  \\$aWith a docket title dated 1777.
=500  \\$aWoodcut ornament; woodcut factotum.
=500  \\$aSignatures: A-G².
=510  4\$aESTC,$cT74717
=530  \\$aAlso available on microfilm and in the U.K. Parliamentary Papers database which can be accessed by on-site users.
=650  \0$aCommons$zEngland$zWestmorland$vEarly works to 1800.
=655  \7$aBills.$2rbgenr
=700  0\$aGeorge$bIII,$cKing of Great Britain,$d1738-1820,$eformer owner.$5Uk
=700  0\$aGeorge$bIV,$cKing of Great Britain,$d1762-1830,$edonor.$5Uk
=752  \\$aGreat Britain$bEngland$dLondon.
=852  41$aBritish Library$bHMNTS$jB.S.Ref.2/50.(11)$qCopy at B.S.Ref.2/50.(11). Imperfect: wanting the final leaf (sig. G2) containing the docket title.
=852  41$aBritish Library$bHMNTS$j216.i.4.(43)
=856  41$uhttps://parlipapers.proquest.com/parlipapers/docview/t70.d75.pb-003161?$yProquest U.K. Parliamentary Papers
=CAT  \\$a3251$b40$c20180823$lBLL01$h1108
=FIN  \\$aY$d20180823
=FMT  \\$a  BK
=LAS  \\$a3251$b40$c20180823$lBLL01$h1108
=SRC  \\$aESTC

