=LDR  01724 am a2200397   4500
=001  019028996
=003  Uk
=005  20180824102403.0
=008  791208s1777\\\\enk\\\\\\\\\\o000\0\eng\c
=035  \\$a(Uk-ES)006345647
=040  \\$aUk-ES$cUk-ES$dCStRLIN$dUk-ES$edcrmb
=110  1\$aGreat Britain.$bParliament.
=240  10$aBills. 1777-01-28
=245  13$aAn act for dividing, allotting, and inclosing the open and common fields, common pastures, common meadows, and other commonable lands and grounds of and within the manor and parish of Holcot, in the county of Northampton.
=260  \\$a[London] :$b[s.n.],$c[1777]
=300  \\$a27, [1] p. ;$c33 cm (2⁰)
=500  \\$aDocket title. dated 1777.
=500  \\$aEnacted: Private Acts, 17 Geo.III.c.13.
=500  \\$aCaption title.
=500  \\$aWoodcut head-piece; woodcut factotum.
=500  \\$aSignatures: A-G².
=510  4\$aESTC,$cT74716
=530  \\$aAlso available on microfilm and in the U.K. Parliamentary Papers database which can be accessed by on-site users.
=650  \0$aCommons$zEngland$zNorthamptonshire$vEarly works to 1800.
=655  \7$aBills.$2rbgenr
=700  0\$aGeorge$bIII,$cKing of Great Britain,$d1738-1820,$eformer owner.$5Uk
=700  0\$aGeorge$bIV,$cKing of Great Britain,$d1762-1830,$edonor.$5Uk
=752  \\$aGreat Britain$bEngland$dLondon.
=852  41$aBritish Library$bHMNTS$j216.i.4.(35)
=852  41$aBritish Library$bHMNTS$jB.S.Ref.2/50.(10)
=856  41$uhttps://parlipapers.proquest.com/parlipapers/docview/t70.d75.pb-003160?$yProquest U.K. Parliamentary Papers
=CAT  \\$a3251$b40$c20180824$lBLL01$h1024
=FIN  \\$aY$d20180824
=FMT  \\$a  BK
=LAS  \\$a3251$b40$c20180824$lBLL01$h1024
=SRC  \\$aESTC

