=LDR  01787 am a2200397   4500
=001  019029183
=003  Uk
=005  20180824142407.0
=008  791208s1777\\\\enk\\\\\\\\\\o000\0\eng\c
=035  \\$a(Uk-ES)006345649
=040  \\$aUk-ES$cUk-ES$dCStRLIN$dUk-ES$edcrmb
=110  1\$aGreat Britain.$bParliament.
=240  10$aBills. 1777-02-06
=245  13$aAn act for dividing and inclosing a certain piece of common or waste ground lying in the villages of Horncliff and Horncliff Lone-end, in the parish of Norham, in the county of Durham.
=260  \\$a[London] :$b[s.n.],$c[1777]
=300  \\$a16, [2] p. ;$c33 cm (2⁰)
=500  \\$aEnacted: Private Acts, 17 Geo.III.c.15.
=500  \\$aCaption title.
=500  \\$aWith a docket title dated 1777.
=500  \\$aWoodcut ornaments; woodcut factotum.
=500  \\$aSignatures: A-D² [chi]1.
=510  4\$aESTC,$cT74718
=530  \\$aAlso available on microfilm and in the U.K. Parliamentary Papers database which can be accessed by on-site users.
=650  \0$aCommons$zEngland$zCounty Durham$vEarly works to 1800.
=655  \7$aBills.$2rbgenr
=700  0\$aGeorge$bIII,$cKing of Great Britain,$d1738-1820,$eformer owner.$5Uk
=700  0\$aGeorge$bIV,$cKing of Great Britain,$d1762-1830,$edonor.$5Uk
=752  \\$aGreat Britain$bEngland$dLondon.
=852  41$aBritish Library$bHMNTS$j216.i.4.(37)
=852  41$aBritish Library$bHMNTS$jB.S.Ref.2/50.(12)$qCopy at B.S.Ref.2/50.(12). Imperfect: wanting the final leaf containing the docket title.
=856  41$uhttps://parlipapers.proquest.com/parlipapers/docview/t70.d75.pb-003162?$yProquest U.K. Parliamentary Papers
=CAT  \\$a3251$b40$c20180824$lBLL01$h1424
=FIN  \\$aY$d20180824
=FMT  \\$a  BK
=LAS  \\$a3251$b40$c20180824$lBLL01$h1424
=SRC  \\$aESTC

