=LDR  01895 am a2200421   4500
=001  019029194
=003  Uk
=005  20180829125530.0
=008  791208s1777\\\\enk\\\\\\\\\\o000\0\eng\c
=035  \\$a(Uk-ES)006345673
=040  \\$aUk-ES$cUk-ES$dCStRLIN$dUk-ES$edcrmb
=110  1\$aGreat Britain.$bParliament.
=240  10$aBills. 1777-02-26
=245  13$aAn act for dividing, allotting and inclosing certain commons or waste lands, lying in the parish of Huntspill, in the county of Somerset; and also certain Moors, called Land Moor, otherwise Cote Moor, and Gold Corner, lying in, or near the said parish of Huntspill and Cossington, in the said county.
=260  \\$a[London] :$b[s.n.],$c[1777]
=300  \\$a15, [1] p. ;$c33 cm (2⁰)
=500  \\$aDocket title dated 1777.
=500  \\$aEnacted: Private Acts, 17 Geo.III.c.41.
=500  \\$aCaption title.
=500  \\$aWoodcut ornaments; woodcut factotum.
=500  \\$aSignatures: [A]² B-D².
=510  4\$aESTC,$cT74742
=530  \\$aAlso available on microfilm and in the U.K. Parliamentary Papers database which can be accessed by on-site users.
=650  \0$aCommons$zEngland$zSomerset$vEarly works to 1800.
=655  \7$aBills.$2rbgenr
=700  0\$aGeorge$bIII,$cKing of Great Britain,$d1738-1820,$eformer owner.$5Uk
=700  0\$aGeorge$bIV,$cKing of Great Britain,$d1762-1830,$edonor.$5Uk
=752  \\$aGreat Britain$bEngland$dLondon.
=852  41$aBritish Library$bHMNTS$j216.i.4.(38)
=852  41$aBritish Library$bHMNTS$jB.S.Ref.2/50.(30)
=856  41$uhttps://parlipapers.proquest.com/parlipapers/docview/t70.d75.pb-003180?$yProquest U.K. Parliamentary Papers
=CAT  \\$a3251$b40$c20180824$lBLL01$h1436
=CAT  \\$a3251$b40$c20180824$lBLL01$h1439
=CAT  \\$a3251$b40$c20180829$lBLL01$h1255
=FIN  \\$aY$d20180824
=FMT  \\$a  BK
=LAS  \\$a3251$b40$c20180829$lBLL01$h1255
=SRC  \\$aESTC

