=LDR  01776 am a2200349   4500
=001  019033897
=003  Uk
=005  20180829121011.0
=008  791208s1777\\\\enk\\\\\\\\\\o000\0\eng\c
=035  \\$a(Uk-ES)006345689
=040  \\$aUk-ES$cUk-ES$dCStRLIN$dUk-ES$edcrmb
=110  1\$aGreat Britain.$bParliament.
=240  10$aBills. 1777-02-24
=245  13$aAn act for vesting part of the settled estates of Robert Grimston, Esquire, at Thwing and Octon, in the parish of Thwing upon the Woulds, in the East Riding of the county of York, in the said Robert Grimstone, in fee simple, and for settling an estate of the said Robert Grimston, in the township of Neswick, in the parish of Bainton, in the said East Riding of the county of York, of greater value, in lieu thereof; and for other purposes.
=260  \\$a[London] :$b[s.n.],$c[1777]
=300  \\$a16, [2] p. ;$c33 cm (2⁰)
=500  \\$aEnacted: Private Acts, 17 Geo.III.c.29.
=500  \\$aCaption title.
=500  \\$aWith a docket title dated 1777.
=500  \\$aWoodcut ornaments; woodcut factotum.
=500  \\$aSignatures: A-C² D²(-D2) E².
=510  4\$aESTC,$cT74758
=530  \\$aAlso available on microfilm and in the U.K. Parliamentary Papers database which can be accessed by on-site users.
=655  \7$aBills.$2rbgenr
=752  \\$aGreat Britain$bEngland$dLondon.
=852  41$aBritish Library$bHMNTS$jB.S.Ref.2/50.(18)$qCopy at B.S.Ref.2/50.(18). Imperfect: wanting the final leaf (sig. E2) containing the docket title.
=856  41$uhttps://parlipapers.proquest.com/parlipapers/docview/t70.d75.pb-003168?$yProquest U.K. Parliamentary Papers
=CAT  \\$a3251$b40$c20180829$lBLL01$h1210
=FIN  \\$aY$d20180829
=FMT  \\$a  BK
=LAS  \\$a3251$b40$c20180829$lBLL01$h1210
=SRC  \\$aESTC

