=LDR  01375 am a2200361   4500
=001  019033915
=003  Uk
=005  20180829122848.0
=008  791208s1777\\\\enk\\\\\\\\\\o000\0\eng\c
=035  \\$a(Uk-ES)006345672
=040  \\$aUk-ES$cUk-ES$dCStRLIN$dUk-ES$edcrmb
=110  1\$aGreat Britain.$bParliament.
=240  10$aBills. 1777-02-20
=245  13$aAn act for dividing, inclosing, and improving Wallingfen, in the East Riding of the county of York.
=260  \\$a[London] :$b[s.n.],$c[1777]
=300  \\$a49, [1] p. ;$c33 cm (2⁰)
=500  \\$aDocket title dated 1777.
=500  \\$aEnacted: Private Acts, 17 Geo.III.c.42.
=500  \\$aCaption title.
=500  \\$aWoodcut ornaments; woodcut factotum.
=500  \\$aSignatures: A-L² M²(-M2) N².
=510  4\$aESTC,$cT74741
=530  \\$aAlso available on microfilm and in the U.K. Parliamentary Papers database which can be accessed by on-site users.
=655  \7$aBills.$2rbgenr
=752  \\$aGreat Britain$bEngland$dLondon.
=852  41$aBritish Library$bHMNTS$jB.S.Ref.2/50.(31)
=856  41$uhttps://parlipapers.proquest.com/parlipapers/docview/t70.d75.pb-003181?$yProquest U.K. Parliamentary Papers
=CAT  \\$a3251$b40$c20180829$lBLL01$h1222
=CAT  \\$a3251$b40$c20180829$lBLL01$h1228
=FIN  \\$aY$d20180829
=FMT  \\$a  BK
=LAS  \\$a3251$b40$c20180829$lBLL01$h1228
=SRC  \\$aESTC

