=LDR  01485 am a2200361   4500
=001  019033926
=003  Uk
=005  20180829123143.0
=008  791208s1777\\\\enk\\\\\\\\\\o000\0\eng\c
=035  \\$a(Uk-ES)006345634
=040  \\$aUk-ES$cUk-ES$dCStRLIN
=110  1\$aGreat Britain.$bParliament.
=240  10$aBills. 1777-04-08
=245  12$aA bill for dividing and inclosing several open, common, arable fields, wolds, commons, and waste grounds, in the townships of North Newbald and South Newbald, within the parish of North Newbald, in the county of York.
=260  \\$a[London] :$b[s.n.],$c[1777]
=300  \\$a39, [1] p. ;$c33 cm (2⁰)
=500  \\$aCaption title.
=500  \\$aDocket title dated 1777.
=500  \\$aEnacted: Private Acts, 17 Geo.III.c.112.
=500  \\$aWoodcut ornaments; woodcut factotum.
=500  \\$aSignatures: A-K².
=510  4\$aESTC,$cT74703
=530  \\$aAlso available on microfilm and in the U.K. Parliamentary Papers database which can be accessed by on-site users.
=650  \0$aCommons$zEngland$zYorkshire$vEarly works to 1800.
=655  \7$aBills.$2rbgenr
=752  \\$aGreat Britain$bEngland$dLondon.
=852  41$aBritish Library$bHMNTS$jB.S.Ref.2/52.(10)
=856  41$uhttps://parlipapers.proquest.com/parlipapers/docview/t70.d75.pb-003208?$yProquest U.K. Parliamentary Papers
=CAT  \\$a3251$b40$c20180829$lBLL01$h1231
=FIN  \\$aY$d20180829
=FMT  \\$a  BK
=LAS  \\$a3251$b40$c20180829$lBLL01$h1231
=SRC  \\$aESTC

