=LDR  01784 am a2200361   4500
=001  019033928
=003  Uk
=005  20180829124953.0
=008  791208s1777\\\\enk\\\\\\\\\\o000\0\eng\c
=035  \\$a(Uk-ES)006345686
=040  \\$aUk-ES$cUk-ES$dCU-RivES$dCStRLIN$dCU-RivES$dUk-ES$edcrmb
=110  1\$aGreat Britain.$bParliament.
=240  10$aBills. 1777-03-13
=245  13$aAn act to enable William Dutton, Esquire, his first and other sons, and their issue male, to take, use, and bear the name and arms of Naper, pursuant to the will of James Lenox Dutton, Esquire, deceased; and for making the exemplification of the will and codicil of the said James Lenox Dutton, under the great seal of Great Britain, evidence in all courts of law and equity in Great Britain and Ireland.
=260  \\$a[London] :$b[s.n.],$c[1777]
=300  \\$a6, [2] p. ;$c33 cm (2⁰)
=500  \\$aEnacted: Private Acts, 17 Geo.III.c.132.
=500  \\$aCaption title.
=500  \\$aWith a docket title.
=500  \\$aWoodcut ornaments; woodcut factotum.
=500  \\$aSignatures: A-B².
=510  4\$aESTC,$cT74755
=530  \\$aAlso available on microfilm and in the U.K. Parliamentary Papers database which can be accessed by on-site users.
=655  \7$aBills.$2rbgenr
=752  \\$aGreat Britain$bEngland$dLondon.
=852  41$aBritish Library$bHMNTS$jB.S.Ref.2/52.(30)$qCopy at B.S.Ref.2/52.(30). Imperfect: wanting the final leaf (sig. B2) containing the docket title.
=856  41$uhttps://parlipapers.proquest.com/parlipapers/docview/t70.d75.pb-003228?$yProquest U.K. Parliamentary Papers
=CAT  \\$a3251$b40$c20180829$lBLL01$h1240
=CAT  \\$a3251$b40$c20180829$lBLL01$h1249
=FIN  \\$aY$d20180829
=FMT  \\$a  BK
=LAS  \\$a3251$b40$c20180829$lBLL01$h1249
=SRC  \\$aESTC

