=LDR  01673 am a2200397   4500
=001  019064614
=003  Uk
=005  20180927095953.0
=008  791208s1778\\\\enk\\\\\\\\\\o000\0\eng\c
=035  \\$a(Uk-ES)006345772
=040  \\$aUk-ES$cUk-ES$dCStRLIN$dUk-ES$edcrmb
=110  1\$aGreat Britain.$bParliament.
=240  10$aBills. 1778-03-02
=245  13$aAn act for dividing and inclosing a certain common, moor, or tract of waste land, called Acomb Common, within the regality or manor of Hexham, in the county of Northumberland.
=260  \\$a[London] :$b[s.n.],$c[1778]
=300  \\$a43, [1] p. ;$c33 cm (2⁰)
=500  \\$aDocket title dated 1778.
=500  \\$aEnacted: Private Acts, 18 Geo.III.c.63.
=500  \\$aCaption title.
=500  \\$aWoodcut ornaments; woodcut factotum.
=500  \\$aSignatures: A-L².
=510  4\$aESTC,$cT74841
=530  \\$aAlso available on microfilm and in the U.K. Parliamentary Papers database which can be accessed by on-site users.
=650  \0$aCommons$zEngland$zNorthumberland$vEarly works to 1800.
=655  \7$aBills.$2rbgenr
=700  0\$aGeorge$bIII,$cKing of Great Britain,$d1738-1820,$eformer owner.$5Uk
=700  0\$aGeorge$bIV,$cKing of Great Britain,$d1762-1830,$edonor.$5Uk
=752  \\$aGreat Britain$bEngland$dLondon.
=852  41$aBritish Library$bHMNTS$jB.S.Ref.2/54.(19)
=852  41$aBritish Library$bHMNTS$j216.i.5.(1)
=856  41$uhttps://parlipapers.proquest.com/parlipapers/docview/t70.d75.pb-003291?$yProquest U.K. Parliamentary Papers
=CAT  \\$a3251$b40$c20180927$lBLL01$h0959
=FIN  \\$aY$d20180927
=FMT  \\$a  BK
=LAS  \\$a3251$b40$c20180927$lBLL01$h0959
=SRC  \\$aESTC

