=LDR  01799 am a2200409   4500
=001  019064740
=003  Uk
=005  20180927130918.0
=008  791208s1778\\\\enk\\\\\\\\\\o000\0\eng\c
=035  \\$a(Uk-ES)006345774
=040  \\$aUk-ES$cUk-ES$dCU-RivES$dCStRLIN$dCU-RivES$dUk-ES$edcrmb
=110  1\$aGreat Britain.$bParliament.
=240  10$aBills. 1778-03-12
=245  13$aAn act for confirming a division and inclosure of the common fields, common meadows, and common pastures within the parish of Little Berkford, in the county of Bedford, and certain exchanges of lands and estates within the said parish.
=260  \\$a[London] :$b[s.n.],$c[1778]
=300  \\$a15, [1] p. ;$c33 cm (2⁰)
=500  \\$aDocket title dated 1778.
=500  \\$aEnacted: Private Acts, 18 Geo.III.c.65.
=500  \\$aCaption title.
=500  \\$aWoodcut ornaments; woodcut factotum.
=500  \\$aSignatures: A-D².
=510  4\$aESTC,$cT74843
=530  \\$aAlso available on microfilm and in the U.K. Parliamentary Papers database which can be accessed by on-site users.
=650  \0$aCommons$zEngland$zBedfordshire$vEarly works to 1800.
=655  \7$aBills.$2rbgenr
=700  0\$aGeorge$bIII,$cKing of Great Britain,$d1738-1820,$eformer owner.$5Uk
=700  0\$aGeorge$bIV,$cKing of Great Britain,$d1762-1830,$edonor.$5Uk
=752  \\$aGreat Britain$bEngland$dLondon.
=852  41$aBritish Library$bHMNTS$j216.i.5.(3)
=852  41$aBritish Library$bHMNTS$jB.S.Ref.2/54.(21)
=856  41$uhttps://parlipapers.proquest.com/parlipapers/docview/t70.d75.pb-003293?$yProquest U.K. Parliamentary Papers
=CAT  \\$a3251$b40$c20180927$lBLL01$h1240
=CAT  \\$a3251$b40$c20180927$lBLL01$h1309
=FIN  \\$aY$d20180927
=FMT  \\$a  BK
=LAS  \\$a3251$b40$c20180927$lBLL01$h1309
=SRC  \\$aESTC

