=LDR  01815 am a2200409   4500
=001  019064867
=003  Uk
=005  20180927151239.0
=008  791208s1778\\\\enk\\\\\\\\\\o000\0\eng\c
=035  \\$a(Uk-ES)006345912
=040  \\$aUk-ES$cUk-ES$dCStRLIN$dUk-ES$edcrmb
=110  1\$aGreat Britain.$bParliament.
=240  10$aBills. 1778-03-16
=245  13$aAn act for dividing and inclosing certain open and common fields, and commonable lands and grounds, within the manor and parish of Bolnhurst; in the county of Bedford; and for exonerating certain ancient inclosures within the said manor and parish, from the payment of tithes.
=260  \\$a[London] :$b[s.n.],$c[1778]
=300  \\$a23, [1] p. ;$c33 cm (2⁰)
=500  \\$aWith a docket title.
=500  \\$aEnacted: Private Acts, 18 Geo.III.c.96.
=500  \\$aCaption title.
=500  \\$aWoodcut ornaments; woodcut initial.
=500  \\$aSignatures: A-F².
=510  4\$aESTC,$cT74981
=530  \\$aAlso available on microfilm and in the U.K. Parliamentary Papers database which can be accessed by on-site users.
=650  \0$aCommons$zEngland$zBedfordshire$vEarly works to 1800.
=655  \7$aBills.$2rbgenr
=700  0\$aGeorge$bIII,$cKing of Great Britain,$d1738-1820,$eformer owner.$5Uk
=700  0\$aGeorge$bIV,$cKing of Great Britain,$d1762-1830,$edonor.$5Uk
=752  \\$aGreat Britain$bEngland$dLondon.
=852  41$aBritish Library$bHMNTS$jB.S.Ref.2/55.(19)
=852  41$aBritish Library$bHMNTS$j216.i.5.(6)
=856  41$uhttps://parlipapers.proquest.com/parlipapers/docview/t70.d75.pb-003258?$yProquest U.K. Parliamentary Papers
=CAT  \\$a3251$b40$c20180927$lBLL01$h1508
=CAT  \\$a3251$b40$c20180927$lBLL01$h1512
=FIN  \\$aY$d20180927
=FMT  \\$a  BK
=LAS  \\$a3251$b40$c20180927$lBLL01$h1512
=SRC  \\$aESTC

