=LDR  01787 am a2200397   4500
=001  019065149
=003  Uk
=005  20180928095451.0
=008  791208s1778\\\\enk\\\\\\\\\\o000\0\eng\c
=035  \\$a(Uk-ES)006345738
=040  \\$aUk-ES$cUk-ES$dCStRLIN$dUk-ES$edcrmb
=110  1\$aGreat Britain.$bParliament.
=240  10$aBills. 1778-01-28
=245  13$aAn act for dividing and inclosing the common or waste ground called Brislington, otherwise Bussleton, common, in the parish of Brislington, otherwise Bussleton, in the county of Somerset.
=260  \\$a[London] :$b[s.n.],$c[1778]
=300  \\$a22, [2] p. ;$c33 cm (2⁰)
=500  \\$aEnacted: Private Acts, 18 Geo.III.c.17.
=500  \\$aCaption title.
=500  \\$aWith a docket title dated 1778.
=500  \\$aWoodcut ornaments; woodcut factotum.
=500  \\$aSignatures: A-F².
=510  4\$aESTC,$cT74807
=530  \\$aAlso available on microfilm and in the U.K. Parliamentary Papers database which can be accessed by on-site users.
=650  \0$aCommons$zEngland$zSomerset$vEarly works to 1800.
=655  \7$aBills.$2rbgenr
=700  0\$aGeorge$bIII,$cKing of Great Britain,$d1738-1820,$eformer owner.$5Uk
=700  0\$aGeorge$bIV,$cKing of Great Britain,$d1762-1830,$edonor.$5Uk
=752  \\$aGreat Britain$bEngland$dLondon.
=852  41$aBritish Library$bHMNTS$j216.i.5.(8)
=852  41$aBritish Library$bHMNTS$jB.S.Ref.2/53.(15)$qCopy at B.S.Ref.2/53.(15). Imperfect: wanting the final leaf (sig. F2) containing the docket title.
=856  41$uhttps://parlipapers.proquest.com/parlipapers/docview/t70.d75.pb-003321?$yProquest U.K. Parliamentary Papers
=CAT  \\$a3251$b40$c20180928$lBLL01$h0954
=FIN  \\$aY$d20180928
=FMT  \\$a  BK
=LAS  \\$a3251$b40$c20180928$lBLL01$h0954
=SRC  \\$aESTC

