=LDR  01605 am a2200385   4500
=001  019065154
=003  Uk
=005  20180928101259.0
=008  791208s1778\\\\enk\\\\\\\\\\o000\0\eng\c
=035  \\$a(Uk-ES)006345908
=040  \\$aUk-ES$cUk-ES$dCStRLIN$dUk-ES$edcrmb
=110  1\$aGreat Britain.$bParliament.
=240  10$aBills. 1778-03-23
=245  13$aAn act for dividing and inclosing the several commons and waste grounds within the manor of Bolsterstone, in the parish of Ecclesfield, in the county of York.
=260  \\$a[London] :$b[s.n.],$c[1778]
=300  \\$a21, [1] p. ;$c33 cm (2⁰)
=500  \\$aDocket title dated 1778.
=500  \\$aEnacted: Private Acts, 18 Geo.III.c.92.
=500  \\$aCaption title.
=500  \\$aSignatures: A-E² [chi]1.
=510  4\$aESTC,$cT74977
=530  \\$aAlso available on microfilm and in the U.K. Parliamentary Papers database which can be accessed by on-site users.
=650  \0$aCommons$zEngland$zYorkshire$vEarly works to 1800.
=655  \7$aBills.$2rbgenr
=700  0\$aGeorge$bIII,$cKing of Great Britain,$d1738-1820,$eformer owner.$5Uk
=700  0\$aGeorge$bIV,$cKing of Great Britain,$d1762-1830,$edonor.$5Uk
=752  \\$aGreat Britain$bEngland$dLondon.
=852  41$aBritish Library$bHMNTS$j216.i.5.(9)
=852  41$aBritish Library$bHMNTS$jB.S.Ref.2/55.(15)
=856  41$uhttps://parlipapers.proquest.com/parlipapers/docview/t70.d75.pb-003254?$yProquest U.K. Parliamentary Papers
=CAT  \\$a3251$b40$c20180928$lBLL01$h1012
=FIN  \\$aY$d20180928
=FMT  \\$a  BK
=LAS  \\$a3251$b40$c20180928$lBLL01$h1012
=SRC  \\$aESTC

