=LDR  01860 am a2200397   4500
=001  019074611
=003  Uk
=005  20181003100154.0
=008  791208s1778\\\\enk\\\\\\\\\\o000\0\eng\c
=035  \\$a(Uk-ES)006345781
=040  \\$aUk-ES$cUk-ES$dCStRLIN$dUk-ES$edcrmb
=110  1\$aGreat Britain.$bParliament.
=240  10$aBills. 1778-03-17
=245  13$aAn act for dividing and inclosing the open and common fields, common pastures, common meadows, and other commonable lands and grounds, of and within the manor, parish, and liberties, of Byfield and Westrup, in the parish of Byfield, in the county of Northampton.
=260  \\$a[London] :$b[s.n.],$c[1778]
=300  \\$a42, [2] p. ;$c33 cm (2⁰)
=500  \\$aCaption title.
=500  \\$aWith a docket title.
=500  \\$aEnacted: Private Acts, 18 Geo.III.c.73.
=500  \\$aWoodcut head-piece; woodcut factotum.
=500  \\$aSignatures B-M².
=510  4\$aESTC,$cT74850
=530  \\$aAlso available on microfilm and in the U.K. Parliamentary Papers database which can be accessed by on-site users.
=650  \0$aCommons$zEngland$zNorthamptonshire$vEarly works to 1800.
=655  \7$aBills.$2rbgenr
=700  0\$aGeorge$bIII,$cKing of Great Britain,$d1738-1820,$eformer owner.$5Uk
=700  0\$aGeorge$bIV,$cKing of Great Britain,$d1762-1830,$edonor.$5Uk
=752  \\$aGreat Britain$bEngland$dLondon.
=852  41$aBritish Library$bHMNTS$j216.i.5.(12)
=852  41$aBritish Library$bHMNTS$jB.S.Ref.2/54.(28)$qCopy at B.S.Ref.2/54.(28). Imperfect: wanting the final leaf (sig. M2) containing the docket title.
=856  41$uhttps://parlipapers.proquest.com/parlipapers/docview/t70.d75.pb-003300?$yProquest U.K. Parliamentary Papers
=CAT  \\$a3251$b40$c20181003$lBLL01$h1001
=FIN  \\$aY$d20181003
=FMT  \\$a  BK
=LAS  \\$a3251$b40$c20181003$lBLL01$h1001
=SRC  \\$aESTC

