=LDR  01863 am a2200397   4500
=001  019074623
=003  Uk
=005  20181003104628.0
=008  791208s1778\\\\enk\\\\\\\\\\o000\0\eng\c
=035  \\$a(Uk-ES)006345771
=040  \\$aUk-ES$cUk-ES$dCStRLIN$dUk-ES$edcrmb
=110  1\$aGreat Britain.$bParliament.
=240  10$aBills. 1778-02-23
=245  13$aAn act for dividing, allotting, and laying in severalty, the open common fields, common meadows, common pastures, waste lands, and commonable places, within the manor and tything of Coate, in the parish of Bishop's Cannings, in the county of Wilts.
=260  \\$a[London] :$b[s.n.],$c[1778]
=300  \\$a16, [2] p. ;$c33 cm (2⁰)
=500  \\$aCaption title.
=500  \\$aWith a docket title dated 1778.
=500  \\$aEnacted: Private Acts, 18 Geo.III.c.62.
=500  \\$aWoodcut ornaments; woodcut factotum.
=500  \\$aSignatures: A-C² D²(-D2) E².
=510  4\$aESTC,$cT74840
=530  \\$aAlso available on microfilm and in the U.K. Parliamentary Papers database which can be accessed by on-site users.
=650  \0$aCommons$zEngland$zWiltshire$vEarly works to 1800.
=655  \7$aBills.$2rbgenr
=700  0\$aGeorge$bIII,$cKing of Great Britain,$d1738-1820,$eformer owner.$5Uk
=700  0\$aGeorge$bIV,$cKing of Great Britain,$d1762-1830,$edonor.$5Uk
=752  \\$aGreat Britain$bEngland$dLondon.
=852  41$aBritish Library$bHMNTS$jB.S.Ref.2/54.(18)$qCopy at B.S.Ref.2/54.(18). Imperfect: wanting the final leaf (sig. E2) containing the docket title.
=852  41$aBritish Library$bHMNTS$j216.i.5.(14)
=856  41$uhttps://parlipapers.proquest.com/parlipapers/docview/t70.d75.pb-003290?$yProquest U.K. Parliamentary Papers
=CAT  \\$a3251$b40$c20181003$lBLL01$h1046
=FIN  \\$aY$d20181003
=FMT  \\$a  BK
=LAS  \\$a3251$b40$c20181003$lBLL01$h1046
=SRC  \\$aESTC

