=LDR  01824 am a2200397   4500
=001  019075459
=003  Uk
=005  20181004100721.0
=008  791208s1778\\\\enk\\\\\\\\\\o000\0\eng\c
=035  \\$a(Uk-ES)006345777
=040  \\$aUk-ES$cUk-ES$dCStRLIN$dUk-ES$edcrmb
=110  1\$aGreat Britain.$bParliament.
=240  10$aBills. 1778-03-12
=245  13$aAn act for confirming, establishing, and making effectual, certain articles of agreement, made and entered into for inclosing and dividing the several commons, called Ealing Common, Ealing Green, and Cooks Hill, in the parish of Hampstead Norreys, in the county of Berks; and for exchanging certain lands in the said parish.
=260  \\$a[London] :$b[s.n.],$c[1778]
=300  \\$a5, [1] p. ;$c33 cm (2⁰)
=500  \\$aCaption title.
=500  \\$aDocket title dated 1778.
=500  \\$aEnacted: Private Acts, 18 Geo.III.c.68.
=500  \\$aWoodcut ornaments; woodcut factotum.
=500  \\$aSignatures: A²(-A2) B².
=510  4\$aESTC,$cT74846
=530  \\$aAlso available on microfilm and in the U.K. Parliamentary Papers database which can be accessed by on-site users.
=650  \0$aCommons$zEngland$zBerkshire$vEarly works to 1800.
=655  \7$aBills.$2rbgenr
=700  0\$aGeorge$bIII,$cKing of Great Britain,$d1738-1820,$eformer owner.$5Uk
=700  0\$aGeorge$bIV,$cKing of Great Britain,$d1762-1830,$edonor.$5Uk
=752  \\$aGreat Britain$bEngland$dLondon.
=852  41$aBritish Library$bHMNTS$jB.S.Ref.2/54.(24)
=852  41$aBritish Library$bHMNTS$j216.i.5.(18)
=856  41$uhttps://parlipapers.proquest.com/parlipapers/docview/t70.d75.pb-003296?$yProquest U.K. Parliamentary Papers
=CAT  \\$a3251$b40$c20181004$lBLL01$h1007
=FIN  \\$aY$d20181004
=FMT  \\$a  BK
=LAS  \\$a3251$b40$c20181004$lBLL01$h1007
=SRC  \\$aESTC

