=LDR  01483 am a2200373   4500
=001  019075521
=003  Uk
=005  20181004120555.0
=008  791208s1778\\\\enk\\\\\\\\\\o000\0\eng\c
=035  \\$a(Uk-ES)006345750
=040  \\$aUk-ES$cUk-ES$dCStRLIN$dUk-ES$edcrmb
=110  1\$aGreat Britain.$bParliament.
=240  10$aBills. 1778-02-03
=245  13$aAn act for dividing, allotting, and inclosing, the open fields meadows and commons in the lordship of Earl Shilton in the county of Leicester.
=260  \\$a[London] :$b[s.n.],$c[1778]
=300  \\$a21, [1] p. ;$c33 cm (2⁰)
=500  \\$aDocket title dated 1778.
=500  \\$aEnacted: Private Acts, 18 Geo.III.c.40.
=500  \\$aCaption title.
=500  \\$aSignatures: A-E² [chi]1.
=510  4\$aESTC,$cT74819
=530  \\$aAlso available on microfilm and in the U.K. Parliamentary Papers database which can be accessed by on-site users.
=650  \0$aCommons$zEngland$zLeicestershire$vEarly works to 1800.
=655  \7$aBills.$2rbgenr
=752  \\$aGreat Britain$bEngland$dLondon.
=852  41$aBritish Library$bHMNTS$j216.i.5.(19)
=852  41$aBritish Library$bHMNTS$jB.S.Ref.2/53.(28)
=856  41$uhttps://parlipapers.proquest.com/parlipapers/docview/t70.d75.pb-003334?$yProquest U.K. Parliamentary Papers
=CAT  \\$a3251$b40$c20181004$lBLL01$h1203
=CAT  \\$a3251$b40$c20181004$lBLL01$h1205
=FIN  \\$aY$d20181004
=FMT  \\$a  BK
=LAS  \\$a3251$b40$c20181004$lBLL01$h1205
=SRC  \\$aESTC

