=LDR  01777 am a2200409   4500
=001  019075530
=003  Uk
=005  20181004122454.0
=008  791208s1778\\\\enk\\\\\\\\\\o000\0\eng\c
=035  \\$a(Uk-ES)006345751
=040  \\$aUk-ES$cUk-ES$dCStRLIN$dUk-ES$edcrmb
=110  1\$aGreat Britain.$bParliament.
=240  10$aBills. 1778-02-13
=245  13$aAn act for dividing, allotting, and inclosing, the open common fields, common pastures, and all other commonable lands, in the tythings of Frampton and Hayley, in the parish of Sapperton, in the county of Gloucester.
=260  \\$a[London] :$b[s.n.],$c[1778]
=300  \\$a21, [1] p. ;$c33 cm (2⁰)
=500  \\$aDocket title dated 1778.
=500  \\$aEnacted: Private Acts, 18 Geo.III.c.41.
=500  \\$aCaption title.
=500  \\$aWoodcut ornaments; woodcut factotum.
=500  \\$aSignatures: A-D² E²(-E2) F².
=510  4\$aESTC,$cT74820
=530  \\$aAlso available on microfilm and in the U.K. Parliamentary Papers database which can be accessed by on-site users.
=650  \0$aCommons$zEngland$zGloucestershire$vEarly works to 1800.
=655  \7$aBills.$2rbgenr
=700  0\$aGeorge$bIII,$cKing of Great Britain,$d1738-1820,$eformer owner.$5Uk
=700  0\$aGeorge$bIV,$cKing of Great Britain,$d1762-1830,$edonor.$5Uk
=752  \\$aGreat Britain$bEngland$dLondon.
=852  41$aBritish Library$bHMNTS$jB.S.Ref.2/53.(29)
=852  41$aBritish Library$bHMNTS$j216.i.5.(21)
=856  41$uhttps://parlipapers.proquest.com/parlipapers/docview/t70.d75.pb-003335?$yProquest U.K. Parliamentary Papers
=CAT  \\$a3251$b40$c20181004$lBLL01$h1220
=CAT  \\$a3251$b40$c20181004$lBLL01$h1224
=FIN  \\$aY$d20181004
=FMT  \\$a  BK
=LAS  \\$a3251$b40$c20181004$lBLL01$h1224
=SRC  \\$aESTC

