=LDR  01703 am a2200397   4500
=001  019083099
=003  Uk
=005  20181011101113.0
=008  791208s1778\\\\enk\\\\\\\\\\o000\0\eng\c
=035  \\$a(Uk-ES)006345755
=040  \\$aUk-ES$cUk-ES$dCStRLIN$dUk-ES$edcrmb
=110  1\$aGreat Britain.$bParliament.
=240  10$aBills. 1778-02-03
=245  13$aAn act for dividing and inclosing the open and common fields, common meadows, common grounds, and commonable lands within the township and liberties of Hardwicke in the county of Buckingham.
=260  \\$a[London] :$b[s.n.],$c[1778]
=300  \\$a25, [1] p. ;$c33 cm (2⁰)
=500  \\$aCaption title.
=500  \\$aDocket title dated 1778.
=500  \\$aEnacted: Private Acts, 18 Geo.III.c.46.
=500  \\$aWoodcut head-piece; woodcut factotum.
=500  \\$aSignatures: A-E² F²(-F2) G².
=510  4\$aESTC,$cT74824
=530  \\$aAlso available on microfilm and in the U.K. Parliamentary Papers database which can be accessed by on-site users.
=650  \0$aCommons$zEngland$zBuckinghamshire$vEarly works to 1800.
=655  \7$aBills.$2rbgenr
=700  0\$aGeorge$bIII,$cKing of Great Britain,$d1738-1820,$eformer owner.$5Uk
=700  0\$aGeorge$bIV,$cKing of Great Britain,$d1762-1830,$edonor.$5Uk
=752  \\$aGreat Britain$bEngland$dLondon.
=852  41$aBritish Library$bHMNTS$jB.S.Ref.2/54.(2)
=852  41$aBritish Library$bHMNTS$j216.i.5.(28)
=856  41$uhttps://parlipapers.proquest.com/parlipapers/docview/t70.d75.pb-003274?$yProquest U.K. Parliamentary Papers
=CAT  \\$a3251$b40$c20181011$lBLL01$h1011
=FIN  \\$aY$d20181011
=FMT  \\$a  BK
=LAS  \\$a3251$b40$c20181011$lBLL01$h1011
=SRC  \\$aESTC

