=LDR  01842 am a2200397   4500
=001  019083323
=003  Uk
=005  20181011144316.0
=008  791208s1778\\\\enk\\\\\\\\\\o000\0\eng\c
=035  \\$a(Uk-ES)006345749
=040  \\$aUk-ES$cUk-ES$dCStRLIN$dUk-ES$edcrmb
=110  1\$aGreat Britain.$bParliament.
=240  10$aBills. 1778-02-19
=245  13$aAn act for dividing, allotting, and inclosing the open and common fields, common pastures, common meadows, heath, and other commonable lands and grounds of and within the parish of Harpole, in the county of Northampton.
=260  \\$a[London] :$b[s.n.],$c[1778]
=300  \\$a36, [2] p. ;$c33 cm (2⁰)
=500  \\$aEnacted: Private Acts, 18 Geo.III.c.39.
=500  \\$aCaption title.
=500  \\$aWith a docket title dated 1778.
=500  \\$aWoodcut head-piece; woodcut factotum.
=500  \\$aSignatures: A-H² I²(-I2) K².
=510  4\$aESTC,$cT74818
=530  \\$aAlso available on microfilm and in the U.K. Parliamentary Papers database which can be accessed by on-site users.
=650  \0$aCommons$zEngland$zNorthamptonshire$vEarly works to 1800.
=655  \7$aBills.$2rbgenr
=700  0\$aGeorge$bIII,$cKing of Great Britain,$d1738-1820,$eformer owner.$5Uk
=700  0\$aGeorge$bIV,$cKing of Great Britain,$d1762-1830,$edonor.$5Uk
=752  \\$aGreat Britain$bEngland$dLondon.
=852  41$aBritish Library$bHMNTS$j216.i.5.(29)
=852  41$aBritish Library$bHMNTS$jB.S.Ref.2/53.(27)$qCopy at B.S.Ref.2/53.(27). Imperfect: wanting the final leaf (sig. K2) containing the docket title.
=856  41$uhttps://parlipapers.proquest.com/parlipapers/docview/t70.d75.pb-003333?$yProquest U.K. Parliamentary Papers
=CAT  \\$a3251$b40$c20181011$lBLL01$h1443
=FIN  \\$aY$d20181011
=FMT  \\$a  BK
=LAS  \\$a3251$b40$c20181011$lBLL01$h1443
=SRC  \\$aESTC

