=LDR  01798 am a2200397   4500
=001  019088056
=003  Uk
=005  20181017150325.0
=008  791208s1778\\\\enk\\\\\\\\\\o000\0\eng\c
=035  \\$a(Uk-ES)006345776
=040  \\$aUk-ES$cUk-ES$dCStRLIN$dUk-ES$edcrmb
=110  1\$aGreat Britain.$bParliament.
=240  10$aBills. 1778-02-19
=245  13$aAn act for dividing and inclosing the open common fields, common meadows, and pasture waste grounds, and other commonable lands, in the parish of Leckhampton, in the county of Gloucester; and several small parcels of the said fields, which extend into the parish of Cheltenham, in the same county.
=260  \\$a[London] :$b[s.n.],$c[1778]
=300  \\$a27, [1] p. ;$c33 cm (2⁰)
=500  \\$aDocket title dated 1778.
=500  \\$aEnacted: Private Acts, 18 Geo.III.c.67.
=500  \\$aCaption title.
=500  \\$aWoodcut ornaments; woodcut factotum.
=500  \\$aSignartures: A-G².
=510  4\$aESTC,$cT74845
=530  \\$aAlso available on microfilm and in the U.K. Parliamentary Papers database which can be accessed by on-site users.
=650  \0$aCommons$zEngland$zGloucestershire$vEarly works to 1800.
=655  \7$aBills.$2rbgner
=700  0\$aGeorge$bIII,$cKing of Great Britain,$d1738-1820,$eformer owner.$5Uk
=700  0\$aGeorge$bIV,$cKing of Great Britain,$d1762-1830,$edonor.$5Uk
=752  \\$aGreat Britain$bEngland$dLondon.
=852  41$aBritish Library$bHMNTS$jB.S.Ref.2/54.(23)
=852  41$aBritish Library$bHMNTS$j216.i.5.(37)
=856  41$uhttps://parlipapers.proquest.com/parlipapers/docview/t70.d75.pb-003295?$yProquest U.K. Parliamentary Papers
=CAT  \\$a3251$b40$c20181017$lBLL01$h1503
=FIN  \\$aY$d20181017
=FMT  \\$a  BK
=LAS  \\$a3251$b40$c20181017$lBLL01$h1503
=SRC  \\$aESTC

