=LDR  01687 am a2200385   4500
=001  019089861
=003  Uk
=005  20181018100532.0
=008  791208s1778\\\\enk\\\\\\\\\\o000\0\eng\c
=035  \\$a(Uk-ES)006345915
=040  \\$aUk-ES$cUk-ES$dCStRLIN$dUk-ES$edcrmb
=110  1\$aGreat Britain.$bParliament.
=240  10$aBills. 1778-03-23
=245  13$aAn act for dividing and inclosing the open and common fields, common pastures, common meadows, common grounds, heath and waste grounds, of and within the parish of Maidford, in the county of Northampton.
=260  \\$a[London] :$b[s.n.],$c[1778]
=300  \\$a41, [1] p. ;$c33 cm (2⁰)
=500  \\$aDocket title dated 1778.
=500  \\$aEnacted: Private Acts, 18 Geo.III.c.99.
=500  \\$aCaption title.
=500  \\$aWoodcut head-piece; woodcut factotum.
=500  \\$aSignatures: A-I² K²(-K2) L².
=510  4\$aESTC,$cT74984
=530  \\$aAlso available on microfilm and in the U.K. Parliamentary Papers database which can be accessed by on-site users.
=650  \0$aCommons$zEngland$zNorthamptonshire$vEarly works to 1800.
=700  0\$aGeorge$bIII,$cKing of Great Britain,$d1738-1820,$eformer owner.$5Uk
=700  0\$aGeorge$bIV,$cKing of Great Britain,$d1762-1830,$edonor.$5Uk
=752  \\$aGreat Britain$bEngland$dLondon.
=852  41$aBritish Library$bHMNTS$j216.i.5.(38)
=852  41$aBritish Library$bHMNTS$jB.S.Ref.2/55.(22)
=856  41$uhttps://parlipapers.proquest.com/parlipapers/docview/t70.d75.pb-003261?$yProquest U.K. Parliamentary Papers
=CAT  \\$a3251$b40$c20181018$lBLL01$h1005
=FIN  \\$aY$d20181018
=FMT  \\$a  BK
=LAS  \\$a3251$b40$c20181018$lBLL01$h1005
=SRC  \\$aESTC

