=LDR  01780 am a2200385   4500
=001  019094755
=003  Uk
=005  20181022151348.0
=008  791208s1778\\\\enk\\\\\\\\\\o000\0\eng\c
=035  \\$a(Uk-ES)006345736
=040  \\$aUk-ES$cUk-ES$dCU-RivES$dCStRLIN$dCU-RivES$dUk-ES$edcrmb
=110  1\$aGreat Britain.$bParliament.
=240  10$aBills. 1778-02-03
=245  13$aAn act for regulating the stocking of a certain piece of inclosed pasture ground, called Nazeing Wood, or Nazeing Park, in the manor and parish of Nazeing, in the county of Essex; and for keeping the fences thereof in repair.
=260  \\$a[London] :$b[s.n.],$c[1778]
=300  \\$a6, [2] p. ;$c33 cm (2⁰)
=500  \\$aEnacted: Private Acts, 18 Geo.III.c.15.
=500  \\$aCaption title.
=500  \\$aWith a docket title dated 1778.
=500  \\$aWoodcut ornaments; woodcut factotum.
=500  \\$aSignatures: A-B².
=510  4\$aESTC,$cT74805
=530  \\$aAlso available on microfilm and in the U.K. Parliamentary Papers database which can be accessed by on-site users.
=655  \7$aBills.$2rbgenr
=700  0\$aGeorge$bIII,$cKing of Great Britain,$d1738-1820,$eformer owner.$5Uk
=700  0\$aGeorge$bIV,$cKing of Great Britain,$d1762-1830,$edonor.$5Uk
=752  \\$aGreat Britain$bEngland$dLondon.
=852  41$aBritish Library$bHMNTS$jB.S.Ref.2/53.(13)$qCopy at B.S.Ref.2/53.(13). Imperfect: wanting the final leaf (sig. B2) containing the docket title.
=852  41$aBritish Library$bHMNTS$j216.i.5.(41)
=856  41$uhttps://parlipapers.proquest.com/parlipapers/docview/t70.d75.pb-003319?$yProquest U.K. Parliamentary Papers
=CAT  \\$a3251$b40$c20181022$lBLL01$h1513
=FIN  \\$aY$d20181022
=FMT  \\$a  BK
=LAS  \\$a3251$b40$c20181022$lBLL01$h1513
=SRC  \\$aESTC

