=LDR  01658 am a2200397   4500
=001  019095134
=003  Uk
=005  20181023152115.0
=008  791208s1778\\\\enk\\\\\\\\\\o000\0\eng\c
=035  \\$a(Uk-ES)006345758
=040  \\$aUk-ES$cUk-ES$dCStRLIN$dUk-ES$edcrmb
=110  1\$aGreat Britain.$bParliament.
=240  10$aBills. 1778-02-04
=245  13$aAn act for dividing and inclosing the common, or waste ground, called North Myms common, or wood, in the parish of North Myms, in the county of Hertford.
=260  \\$a[London] :$b[s.n.],$c[1778]
=300  \\$a23, [1] p. ;$c33 cm (2⁰)
=500  \\$aDocket title dated 1778.
=500  \\$aEnacted: Private Acts, 18 Geo.III.c.49.
=500  \\$aCaption title.
=500  \\$aWoodcut ornaments; woodcut factotum.
=500  \\$aSignatures: B-F² [chi]².
=510  4\$aESTC,$cT74827
=530  \\$aAlso available on microfilm and in the U.K. Parliamentary Papers database which can be accessed by on-site users.
=650  \0$aCommons$zEngland$zHertfordshire$vEarly works to 1800.
=655  \7$aBills.$2rbgenr
=700  0\$aGeorge$bIII,$cKing of Great Britain,$d1738-1820,$eformer owner.$5Uk
=700  0\$aGeorge$bIV,$cKing of Great Britain,$d1762-1830,$edonor.$5Uk
=752  \\$aGreat Britain$bEngland$dLondon.
=852  41$aBritish Library$bHMNTS$j216.i.5.(44)
=852  41$aBritish Library$bHMNTS$jB.S.Ref.2/54.(5)
=856  41$uhttps://parlipapers.proquest.com/parlipapers/docview/t70.d75.pb-003277?$yProquest U.K. Parliamentary Papers
=CAT  \\$a3251$b40$c20181023$lBLL01$h1521
=FIN  \\$aY$d20181023
=FMT  \\$a  BK
=LAS  \\$a3251$b40$c20181023$lBLL01$h1521
=SRC  \\$aESTC

