=LDR  01667 am a2200397   4500
=001  019096775
=003  Uk
=005  20181024145948.0
=008  791208s1778\\\\enk\\\\\\\\\\o000\0\eng\c
=035  \\$a(Uk-ES)006345907
=040  \\$aUk-ES$cUk-ES$dCStRLIN$dUk-ES$edcrmb
=110  1\$aGreat Britain.$bParliament.
=240  10$aBills. 1778-03-26
=245  13$aAn act for dividing and inclosing the commons and waste grounds within the township of Ollerton, in the parish of Edwinstow, in the county of Nottingham.
=260  \\$a[London] :$b[s.n.],$c[1778]
=300  \\$a21, [1] p. ;$c33 cm (2⁰)
=500  \\$aDocket title dated 1778.
=500  \\$aEnacted: Private Acts, 18 Geo.III.c.91.
=500  \\$aCaption title.
=500  \\$aWoodcut ornaments; wooodcut factotum.
=500  \\$aSignatures: A-D² E²(-E2) F².
=510  4\$aESTC,$cT74976
=530  \\$aAlso available on microfilm and in the U.K. Parliamentary Papers database which can be accessed by on-site users.
=650  \0$aCommons$zEngland$zNottinghamshire$vEarly works to 1800.
=655  \7$aBills.$2rbgenr
=700  0\$aGeorge$bIII,$cKing of Great Britain,$d1738-1820,$eformer owner.$5Uk
=700  0\$aGeorge$bIV,$cKing of Great Britain,$d1762-1830,$edonor.$5Uk
=752  \\$aGreat Britain$bEngland$dLondon.
=852  41$aBritish Library$bHMNTS$j216.i.5.(47)
=852  41$aBritish Library$bHMNTS$jB.S.Ref.2/55.(14)
=856  41$uhttps://parlipapers.proquest.com/parlipapers/docview/t70.d75.pb-003253?$yProquest U.K. Parliamentary Papers
=CAT  \\$a3251$b40$c20181024$lBLL01$h1459
=FIN  \\$aY$d20181024
=FMT  \\$a  BK
=LAS  \\$a3251$b40$c20181024$lBLL01$h1459
=SRC  \\$aESTC

