=LDR  01778 am a2200397   4500
=001  019096778
=003  Uk
=005  20181024152438.0
=008  791208s1778\\\\enk\\\\\\\\\\o000\0\eng\c
=035  \\$a(Uk-ES)006345904
=040  \\$aUk-ES$cUk-ES$dCStRLIN$dUk-ES$edcrmb
=110  1\$aGreat Britain.$bParliament.
=240  10$aBills. 1778-03-16
=245  13$aAn act for dividing and inclosing certain commons and waste lands, within the townships of Otley and Newall with Clifton, in the West Riding of the county of York.
=260  \\$a[London] :$b[s.n.],$c[1778]
=300  \\$a36, [2] p. ;$c33 cm (2⁰)
=500  \\$aEnacted: Private Acts, 18 Geo.III.c.88.
=500  \\$aCaption title.
=500  \\$aWith a docket title dated 1778.
=500  \\$aWoodcut ornaments; woodcut factotum.
=500  \\$aSignatures: A-H² I²(-I2) K².
=510  4\$aESTC,$cT74973
=530  \\$aAlso available on microfilm and in the U.K. Parliamentary Papers database which can be accessed by on-site users.
=650  \0$aCommons$zEngland$zYorkshire$vEarly works to 1800.
=655  \7$aBills.$2rbgenr
=700  0\$aGeorge$bIII,$cKing of Great Britain,$d1738-1820,$eformer owner.$5Uk
=700  0\$aGeorge$bIV,$cKing of Great Britain,$d1762-1830,$edonor.$5Uk
=752  \\$aGreat Britain$bEngland$dLondon.
=852  41$aBritish Library$bHMNTS$j216.i.5.(48)
=852  41$aBritish Library$bHMNTS$jB.S.Ref.2/55.(11)$qCopy at B.S.Ref.2/55.(11). Imperfect: wanting the final leaf (sig. K2) containing the docket title.
=856  41$uhttps://parlipapers.proquest.com/parlipapers/docview/t70.d75.pb-003250?$yProquest U.K. Parliamentary Papers
=CAT  \\$a3251$b40$c20181024$lBLL01$h1524
=FIN  \\$aY$d20181024
=FMT  \\$a  BK
=LAS  \\$a3251$b40$c20181024$lBLL01$h1524
=SRC  \\$aESTC

