=LDR  01863 am a2200385   4500
=001  019097575
=003  Uk
=005  20181025100940.0
=008  791208s1778\\\\enk\\\\\\\\\\o000\0\eng\c
=035  \\$a(Uk-ES)006345753
=040  \\$aUk-ES$cUk-ES$dCStRLIN$dUk-ES$edcrmb
=110  1\$aGreat Britain.$bParliament.
=240  10$aBillS. 1778-02-26
=245  13$aAn act for assigning certain open and inclosed lands and rights of common within the manor of Ripley in the county of York, pursuant to an agreement entered into between the trustees of John Ingilby, Esquire, a minor, and Walter Vavasour, Esquire, Thomas Grimston and Elizabeth Eteson; and for other purposes therein mentioned.
=260  \\$a[London] :$b[s.n.],$c[1778]
=300  \\$a12, [2] p. ;$c33 cm (2⁰)
=500  \\$aEnacted: Private Acts, 18 Geo.III.c.44.
=500  \\$aDrop-head title.
=500  \\$aWith a docket title dated 1778.
=500  \\$aWoodcut head-piece; woodcut factotum.
=500  \\$aSignatures: A-C² [chi]1.
=510  4\$aESTC,$cT74822
=530  \\$aAlso available on microfilm and in the U.K. Parliamentary Papers database which can be accessed by on-site users.
=655  \7$aBills.$2rbgenr
=700  0\$aGeorge$bIII,$cKing of Great Britain,$d1738-1820,$eformer owner.$5Uk
=700  0\$aGeorge$bIV,$cKing of Great Britain,$d1762-1830,$edonor.$5Uk
=752  \\$aGreat Britain$bEngland$dLondon.
=852  41$aBritish Library$bHMNTS$j216.i.5.(50)
=852  41$aBritish Library$bHMNTS$jB.S.Ref.2/53.(32)$qCopy at B.S.Ref.2/53.(32). Imperfect: wanting the final leaf containing the docket title.
=856  41$uhttps://parlipapers.proquest.com/parlipapers/docview/t70.d75.pb-003338?$yProquest U.K. Parliamentary Papers
=CAT  \\$a3251$b40$c20181025$lBLL01$h1009
=FIN  \\$aY$d20181025
=FMT  \\$a  BK
=LAS  \\$a3251$b40$c20181025$lBLL01$h1009
=SRC  \\$aESTC

