=LDR  01848 am a2200397   4500
=001  019102058
=003  Uk
=005  20181030094138.0
=008  791208s1778\\\\enk\\\\\\\\\\o000\0\eng\c
=035  \\$a(Uk-ES)006345917
=040  \\$aUk-ES$cUk-ES$dCStRLIN$dUk-ES$edcrmb
=110  1\$aGreat Britain.$bParliament.
=240  10$aBills. 1778-03-17
=245  13$aAn act for dividing and inclosing the open and common fields, common meadows, common pastures, common ground, and waste grounds, within the manors or lordships of Rous-lench and Radford, in the parish of Rous-lench, in the county of Worcester.
=260  \\$a[London] :$b[s.n.],$c[1778]
=300  \\$a36, [2] p. ;$c33 cm (2⁰)
=500  \\$aEnacted: Private Acts, 18 Geo.III.c.101.
=500  \\$aCaption title.
=500  \\$aWith a docket title dated 1778.
=500  \\$aWoodcut ornaments; woodcut factotum.
=500  \\$aSignatures: A-I² [chi]1.
=510  4\$aESTC,$cT74986
=530  \\$aAlso available on microfilm and in the U.K. Parliamentary Papers database which can be accessed by on-site users.
=650  \0$aCommons$zEngland$zWorcestershire$vEarly works to 1800.
=655  \7$aBills.$2rbgenr
=700  0\$aGeorge$bIII,$cKing of Great Britain,$d1738-1820,$eformer owner.$5Uk
=700  0\$aGeorge$bIV,$cKing of Great Britain,$d1762-1830,$edonor.$5Uk
=752  \\$aGreat Britain$bEngland$dLondon.
=852  41$aBritish Library$bHMNTS$j216.i.5.(51)
=852  41$aBritish Library$bHMNTS$jB.S.Ref.2/55.(24)$qCopy at B.S.Ref.2/55.(24). Imperfect: wanting the final leaf containing the docket title.
=856  41$uhttps://parlipapers.proquest.com/parlipapers/docview/t70.d75.pb-003263?$yProquest U.K. Parliamentary Papers
=CAT  \\$a3251$b40$c20181030$lBLL01$h0941
=FIN  \\$aY$d20181030
=FMT  \\$a  BK
=LAS  \\$a3251$b40$c20181030$lBLL01$h0941
=SRC  \\$aESTC

