=LDR  01846 am a2200409   4500
=001  019102117
=003  Uk
=005  20181030103659.0
=008  791208s1778\\\\enk\\\\\\\\\\o000\0\eng\c
=035  \\$a(Uk-ES)006345913
=040  \\$aUk-ES$cUk-ES$dCStRLIN$dUk-ES$edcrmb
=110  1\$aGreat Britain.$bParliament.
=240  10$aBills. 1778-02-02
=245  13$aAn act for dividing and inclosing the open common fields, meadow grounds, common fen, cow pasture, and other commonable lands in the parish of Ruskington, in the county of Lincoln.
=260  \\$a[London] :$b[s.n.],$c[1778]
=300  \\$a24, [2] p. ;$c33 cm (2⁰)
=500  \\$aEnacted: Private Acts, 18 Geo.III.c.97.
=500  \\$aCaption title.
=500  \\$aWith a docket title dated 1778.
=500  \\$aWoodcut ornaments; woodcut factotum.
=500  \\$aSignatures: A-E² F²(-F2) G².
=510  4\$aESTC,$cT74982
=530  \\$aAlso available on microfilm and in the U.K. Parliamentary Papers database which can be accessed by on-site users.
=650  \0$aCommons$zEngland$zLincolnshire$vEarly works to 1800.
=655  \7$aBills.$2rbgenr
=700  0\$aGeorge$bIII,$cKing of Great Britain,$d1738-1820,$eformer owner.$5Uk
=700  0\$aGeorge$bIV,$cKing of Great Britain,$d1762-1830,$edonor.$5Uk
=752  \\$aGreat Britain$bEngland$dLondon.
=852  41$aBritish Library$bHMNTS$j216.i.5.(53)
=852  41$aBritish Library$bHMNTS$jB.S.Ref.2/55.(20)$qCopy at B.S.Ref.2/55.(20). Imperfect: wanting the final leaf (sig. G2) containing the docket title.
=856  41$uhttps://parlipapers.proquest.com/parlipapers/docview/t70.d75.pb-003259?$yProquest U.K. Parliamentary Papers
=CAT  \\$a3251$b40$c20181030$lBLL01$h1031
=CAT  \\$a3251$b40$c20181030$lBLL01$h1036
=FIN  \\$aY$d20181030
=FMT  \\$a  BK
=LAS  \\$a3251$b40$c20181030$lBLL01$h1036
=SRC  \\$aESTC

