=LDR  01730 am a2200385   4500
=001  019102130
=003  Uk
=005  20181030104801.0
=008  791208s1778\\\\enk\\\\\\\\\\o000\0\eng\c
=035  \\$a(Uk-ES)006345925
=040  \\$aUk-ES$cUk-ES$dCStRLIN$dUk-ES$edcrmb
=110  1\$aGreat Britain.$bParliament.
=240  10$aBills. 1778-03-05
=245  13$aAn act for dividing, allotting, inclosing, and draining, certain moors, or pieces of waste land, within the parishes of Saint John and Saint Benedict, in Glastonbury, in the county of Somerset.
=260  \\$a[London] :$b[s.n.],$c[1778]
=300  \\$a18, [2] p. ;$c33 cm (2⁰)
=500  \\$aEnacted: Private Acts, 18 Geo.III.c.112.
=500  \\$aCaption title.
=500  \\$aWith a docket title dated 1778.
=500  \\$aWoodcut ornaments; woodcut factotum.
=500  \\$aSignatures: A-E².
=510  4\$aESTC,$cT74994
=530  \\$aAlso available on microfilm and in the U.K. Parliamentary Papers database which can be accessed by on-site users.
=655  \7$aBills.$2rbgenr
=700  0\$aGeorge$bIII,$cKing of Great Britain,$d1738-1820,$eformer owner.$5Uk
=700  0\$aGeorge$bIV,$cKing of Great Britain,$d1762-1830,$edonor.$5Uk
=752  \\$aGreat Britain$bEngland$dLondon.
=852  41$aBritish Library$bHMNTS$j216.i.5.(54)
=852  41$aBritish Library$bHMNTS$jB.S.Ref.2/55.(32)$qCopy at B.S.Ref.2/55.(32). Imperfect: wanting the final leaf (sig. E2) containing the docket title.
=856  41$uhttps://parlipapers.proquest.com/parlipapers/docview/t70.d75.pb-003271?$yProquest U.K. Parliamentary Papers
=CAT  \\$a3251$b40$c20181030$lBLL01$h1048
=FIN  \\$aY$d20181030
=FMT  \\$a  BK
=LAS  \\$a3251$b40$c20181030$lBLL01$h1048
=SRC  \\$aESTC

