=LDR  02119 am a2200433   4500
=001  019104474
=003  Uk
=005  20181120104408.0
=008  791208s1778\\\\enk\\\\\\\\\\o000\0\eng\c
=035  \\$a(Uk-ES)006345783
=040  \\$aUk-ES$cUk-ES$dCStRLIN$dUk-ES$edcrmb
=110  1\$aGreat Britain.$bParliament.
=240  10$aBills. 1778-03-04
=245  13$aAn act for dividing and inclosing a certain common, or tract of commonable land, called or known by the name of Westhay Moor, within the parish of Mear, in the county of Somerset.
=246  13$aAct for dividing and inclosing a certain common, or tract of commonable land, called or known by the name of Westhay Moor, within the parish and manor of Mear, in the county of Somerset
=260  \\$a[London] :$b[s.n.],$c[1778]
=300  \\$a29, [1] p. ;$c33 cm (2⁰)
=500  \\$aWith a docket title.
=500  \\$aEnacted: Private Acts, 18 Geo.III.c.75.
=500  \\$aCaption title.
=500  \\$aA variant has "within the parish and manor of Mear" in the title. Page 3 sixth line from the botton has "parish and manor of Mear" and p. 5 seventh line has "any two of them".
=500  \\$aWoodcut ornaments; woodcut factotum.
=500  \\$aSignatures: A-G² H²(-H2).
=510  4\$aESTC,$cT74852
=530  \\$aAlso available on microfilm and in the U.K. Parliamentary Papers database which can be accessed by on-site users.
=650  \0$aCommons$zEngland$zSomerset$vEarly works to 1800.
=655  \7$aBills.$2rbgenr
=700  0\$aGeorge$bIII,$cKing of Great Britain,$d1738-1820,$eformer owner.$5Uk
=700  0\$aGeorge$bIV,$cKing of Great Britain,$d1762-1830,$edonor.$5Uk
=752  \\$aGreat Britain$bEngland$dLondon.
=852  41$aBritish Library$bHMNTS$jB.S.Ref.2/54.(30)
=852  41$aBritish Library$bHMNTS$j216.i.5.(62)
=856  41$uhttps://parlipapers.proquest.com/parlipapers/docview/t70.d75.pb-003302?$yProquest U.K. Parliamentary Papers
=CAT  \\$a3251$b40$c20181031$lBLL01$h1329
=CAT  \\$a3251$b40$c20181120$lBLL01$h1044
=FIN  \\$aY$d20181031
=FMT  \\$a  BK
=LAS  \\$a3251$b40$c20181120$lBLL01$h1044
=SRC  \\$aESTC

