=LDR  01676 am a2200397   4500
=001  019104547
=003  Uk
=005  20181031151657.0
=008  791208s1778\\\\enk\\\\\\\\\\o000\0\eng\c
=035  \\$a(Uk-ES)006345729
=040  \\$aUk-ES$cUk-ES$dCStRLIN$dUk-ES$edcrmb
=110  1\$aGreat Britain.$bParliament.
=240  10$aBills. 1777-11-26
=245  13$aAn act for dividing and inclosing the common and open fields, meadows, commonable lands, and waste grounds in the parish of Titchmarsh, in the county of Northampton.
=260  \\$a[London]$b[s.n.],$c[1778]
=300  \\$a29, [1] p. ;$c33 cm (2⁰)
=500  \\$aDocket title dated 1778.
=500  \\$aEnacted: Private Acts, 18 Geo.III.c.8.
=500  \\$aCaption title.
=500  \\$aWoodcut head-piece; woodcut factotum.
=500  \\$aSignatures: A-F² G²(-G2) H².
=510  4\$aESTC,$cT74798
=530  \\$aAlso available on microfilm and in the U.K. Parliamentary Papers database which can be accessed by on-site users.
=650  \0$aCommons$zEngland$zNorthamptonshire$vEarly works to 1800.
=655  \7$aBills.$2rbgenr
=700  0\$aGeorge$bIII,$cKing of Great Britain,$d1738-1820,$eformer owner.$5Uk
=700  0\$aGeorge$bIV,$cKing of Great Britain,$d1762-1830,$edonor.$5Uk
=752  \\$aGreat Britain$bEngland$dLondon.
=852  41$aBritish Library$bHMNTS$jB.S.Ref.2/53.(6)
=852  41$aBritish Library$bHMNTS$j216.i.5.(61)
=856  41$uhttps://parlipapers.proquest.com/parlipapers/docview/t70.d75.pb-003312?$yProquest U.K. Parliamentary Papers
=CAT  \\$a3251$b40$c20181031$lBLL01$h1516
=FIN  \\$aY$d20181031
=FMT  \\$a  BK
=LAS  \\$a3251$b40$c20181031$lBLL01$h1516
=SRC  \\$aESTC

