=LDR  01884 am a2200397   4500
=001  019109252
=003  Uk
=005  20181102102903.0
=008  791208s1778\\\\enk\\\\\\\\\\o000\0\eng\c
=035  \\$a(Uk-ES)006345785
=040  \\$aUk-ES$cUk-ES$dCStRLIN$dUk-ES$edcrmb
=110  1\$aGreat Britain.$bParliament.
=240  10$aBills. 1778-03-16
=245  13$aAn act for dividing and inclosing the open and common fields, common pastures, common meadows, and other commonable lands and grounds, within the parishes of Saint Gyles, Saint Sepulchre, Saint Lawrence, and Saint Andrew, in or near the town of Northampton, in the county of Northampton, some or one of them, and which are commonly callled or known by the name of Northampton Fields.
=260  \\$a[London] :$b[s.n.],$c[1778]
=300  \\$a31, [1] p. ;$c33 cm (2⁰)
=500  \\$aDocket title dated 1778.
=500  \\$aEnacted: Private Acts, 18 Geo.III.c.77.
=500  \\$aCaption title.
=500  \\$aWoodcut ornaments; woodcut factotum.
=500  \\$aSignatures: A-H².
=510  4\$aESTC,$cT74854
=530  \\$aAlso available on microfilm and in the U.K. Parliamentary Papers database which can be accessed by on-site users.
=650  \0$aCommons$zEngland$zNorthamptonshire$vEarly works to 1800.
=655  \7$aBills.$2rbgenr
=700  0\$aGeorge$bIII,$cKing of Great Britain,$d1738-1820,$eformer owner.$5Uk
=700  0\$aGeorge$bIV,$cKing of Great Britain,$d1762-1830,$edonor.$5Uk
=752  \\$aGreat Britain$bEngland$dLondon.
=852  41$aBritish Library$bHMNTS$j216.i.5.(55)
=852  41$aBritish Library$bHMNTS$jB.S.Ref.2/54.(32)
=856  41$uhttps://parlipapers.proquest.com/parlipapers/docview/t70.d75.pb-003304?$yProquest U.K. Parliamentary Papers
=CAT  \\$a3251$b40$c20181102$lBLL01$h1029
=FIN  \\$aY$d20181102
=FMT  \\$a  BK
=LAS  \\$a3251$b40$c20181102$lBLL01$h1029
=SRC  \\$aESTC

