=LDR  01658 am a2200397   4500
=001  019121570
=003  Uk
=005  20181112124908.0
=008  791208s1778\\\\enk\\\\\\\\\\o000\0\eng\c
=035  \\$a(Uk-ES)006345756
=040  \\$aUk-ES$cUk-ES$dCStRLIN$dUk-ES$edcrmb
=110  1\$aGreat Britain.$bParliament.
=240  10$aBills. 1778-02-13
=245  13$aAn act for dividing and inclosing the open and common fields, common meadows, and commonable lands and grounds called Shuckburgh fields, in the county of Warwick.
=260  \\$a[London] :$b[s.n.],$c[1778]
=300  \\$a35, [1] p. ;$c33 cm (2⁰)
=500  \\$aDocket title dated 1778.
=500  \\$aEnacted: Private Acts, 18 Geo.III.c.47.
=500  \\$aCaption title.
=500  \\$aWoodcut ornaments; woodcut factotum.
=500  \\$aSignatures: A-I².
=510  4\$aESTC,$cT74825
=530  \\$aAlso available on microfilm and in the U.K. Parliamentary Papers database which can be accessed by on-site users.
=650  \0$aCommons$zEngland$zWarwickshire$vEarly works to 1800.
=655  \7$aBills.$2rbgenr
=700  0\$aGeorge$bIII,$cKing of Great Britain,$d1738-1820,$eformer owner.$5Uk
=700  0\$aGeorge$bIV,$cKing of Great Britain,$d1762-1830,$edonor.$5Uk
=752  \\$aGreat Britain$bEngland$dLondon.
=852  41$aBritish Library$bHMNTS$jB.S.Ref.2/54.(3)
=852  41$aBritish Library$bHMNTS$j216.i.5.(57)
=856  41$uhttps://parlipapers.proquest.com/parlipapers/docview/t70.d75.pb-003275?$yProquest U.K. Parliamentary Papers
=CAT  \\$a3251$b40$c20181112$lBLL01$h1249
=FIN  \\$aY$d20181112
=FMT  \\$a  BK
=LAS  \\$a3251$b40$c20181112$lBLL01$h1249
=SRC  \\$aESTC

