=LDR  01746 am a2200397   4500
=001  019121581
=003  Uk
=005  20181112132535.0
=008  791208s1778\\\\enk\\\\\\\\\\o000\0\eng\c
=035  \\$a(Uk-ES)006345760
=040  \\$aUk-ES$cUk-ES$dCStRLIN$dUk-ES$edcrmb
=110  1\$aGreat Britain.$bParliament.
=240  10$aBills. 1778-02-02
=245  13$aAn act for dividing, allotting, and inclosing, the commons and waste lands, within the parish of Tacolneston, in the county of Norfolk.
=260  \\$a[London] :$b[s.n.],$c[1778]
=300  \\$a24, [2] p. ;$c33 cm (2⁰)
=500  \\$aEnacted: Private Acts, 18 Geo.III.c.51.
=500  \\$aCaption title.
=500  \\$aWith a docket title dated 1778.
=500  \\$aWoodcut ornaments; woodcut factotum.
=500  \\$aSignatures: A-E² F²(-F2) G².
=510  4\$aESTC,$cT74829
=530  \\$aAlso available on microfilm and in the U.K. Parliamentary Papers database which can be accessed by on-site users.
=650  \0$aCommons$zEngland$zNorfolk$vEarly works to 1800.
=655  \7$aBills.$2rbgenr
=700  0\$aGeorge$bIII,$cKing of Great Britain,$d1738-1820,$eformer owner.$5Uk
=700  0\$aGeorge$bIV,$cKing of Great Britain,$d1762-1830,$edonor.$5Uk
=752  \\$aGreat Britain$bEngland$dLondon.
=852  41$aBritish Library$bHMNTS$j216.i.5.(59)
=852  41$aBritish Library$bHMNTS$jB.S.Ref.2/54.(7)$qCopy at B.S.Ref.2/54.(7). Imperfect: wanting the final leaf (sig. G2) containing the docket title.
=856  41$uhttps://parlipapers.proquest.com/parlipapers/docview/t70.d75.pb-003279?$yProquest U.K. Parliamentary Papers
=CAT  \\$a3251$b40$c20181112$lBLL01$h1325
=FIN  \\$aY$d20181112
=FMT  \\$a  BK
=LAS  \\$a3251$b40$c20181112$lBLL01$h1325
=SRC  \\$aESTC

