=LDR  01648 am a2200397   4500
=001  019121623
=003  Uk
=005  20181120104523.0
=008  791208s1778\\\\enk\\\\\\\\\\o000\0\eng\c
=035  \\$a(Uk-ES)006345735
=040  \\$aUk-ES$cUk-ES$dCStRLIN$dUk-ES$edcrmb
=110  1\$aGreat Britain.$bParliament.
=240  10$aBills. 1778-01-29
=245  13$aAn act for dividing, allotting, and inclosing, the open fields and common or waste land in the lordship of Long Whatton in the county of Leicester.
=260  \\$a[London] :$b[s.n.],$c[1778]
=300  \\$a25, [1] p. ;$c33 cm (2⁰)
=500  \\$aDocket title dated 1778.
=500  \\$aEnacted: Private Acts, 18 Geo.III.c.14.
=500  \\$aCaption title.
=500  \\$aSignatures: A-F² [chi]1.
=510  4\$aESTC,$cT74804
=530  \\$aAlso available on microfilm and in the U.K. Parliamentary Papers database which can be accessed by on-site users.
=650  \0$aCommons$zEngland$zLeicestershire$vEarly works to 1800.
=655  \7$aBills.$2rbgenr
=700  0\$aGeorge$bIII,$cKing of Great Britain,$d1738-1820,$eformer owner.$5Uk
=700  0\$aGeorge$bIV,$cKing of Great Britain,$d1762-1830,$edonor.$5Uk
=752  \\$aGreat Britain$bEngland$dLondon.
=852  41$aBritish Library$bHMNTS$jB.S.Ref.2/53.(12)
=852  41$aBritish Library$bHMNTS$j216.i.5.(63)
=856  41$uhttps://parlipapers.proquest.com/parlipapers/docview/t70.d75.pb-003318?$yProquest U.K. Parliamentary Papers
=CAT  \\$a3251$b40$c20181112$lBLL01$h1510
=CAT  \\$a3251$b40$c20181120$lBLL01$h1045
=FIN  \\$aY$d20181112
=FMT  \\$a  BK
=LAS  \\$a3251$b40$c20181120$lBLL01$h1045
=SRC  \\$aESTC

