=LDR  01851 am a2200397   4500
=001  019121627
=003  Uk
=005  20181112153105.0
=008  791208s1778\\\\enk\\\\\\\\\\o000\0\eng\c
=035  \\$a(Uk-ES)006345916
=040  \\$aUk-ES$cUk-ES$dCStRLIN$dUk-ES$edcrmb
=110  1\$aGreat Britain.$bParliament.
=240  10$aBills. 1778-03-24
=245  13$aAn act for dividing, allotting, and inclosing, the open and common fields, common pastures, common meadows, and other commonable lands and grounds, of and within the parish and liberties of Wootton, in the county of Northampton.
=260  \\$a[London] :$b[s.n.],$c1778]
=300  \\$a40, [2] p. ;$c33 cm (2⁰)
=500  \\$aEnacted: Private Acts, 18 Geo.III.c.100.
=500  \\$aCaption title.
=500  \\$aWith a docket title dated 1778.
=500  \\$aWoodcut head-piece; woodcut factotum.
=500  \\$aSignatures: A-I² K²(-K2) L².
=510  4\$aESTC,$cT74985
=530  \\$aAlso available on microfilm and in the U.K. Parliamentary Papers database which can be accessed by on-site users.
=650  \0$aCommons$zEngland$zNorthamptonshire$vEarly works to 1800.
=655  \7$aBills.$2rbgenr
=700  0\$aGeorge$bIII,$cKing of Great Britain,$d1738-1820,$eformer owner.$5Uk
=700  0\$aGeorge$bIV,$cKing of Great Britain,$d1762-1830,$edonor.$5Uk
=752  \\$aGreat Britain$bEngland$dLondon.
=852  41$aBritish Library$bHMNTS$jB.S.Ref.2/55.(23)$qCopy at B.S.Ref.2/55.(23). Imperfect: wanting the final leaf (sig. L2) containing the docket title.
=852  41$aBritish Library$bHMNTS$j216.i.5.(64)
=856  41$uhttps://parlipapers.proquest.com/parlipapers/docview/t70.d75.pb-003262?$yProquest U.K. Parliamentary Papers
=CAT  \\$a3251$b40$c20181112$lBLL01$h1531
=FIN  \\$aY$d20181112
=FMT  \\$a  BK
=LAS  \\$a3251$b40$c20181112$lBLL01$h1531
=SRC  \\$aESTC

