=LDR  01749 am a2200385   4500
=001  019122586
=003  Uk
=005  20181113104310.0
=008  791208s1778\\\\enk\\\\\\\\\\o000\0\eng\c
=035  \\$a(Uk-ES)006345744
=040  \\$aUk-ES$cUk-ES$dCU-RivES$dCStRLIN$dUk-ES$edcrmb
=110  1\$aGreat Britain.$bParliament.
=240  10$aBills. 1778-02-19
=245  13$aAn act for vesting in the Right Honourable Charles Howard, Esquire, commonly called Charles Earl of Surrey, and his heirs, the settled estates of the said Earl in the counties of Cumberland, Westmorland, and Surrey, subject to certain charges affecting the same.
=260  \\$a[London] :$b[s.n.],$c[1778]
=300  \\$a25, [3] p. ;$c33 cm (2⁰)
=500  \\$aCaption title.
=500  \\$aPublication date from docket title.
=500  \\$aWith a docket title dated 1778.
=500  \\$aEnacted: Private Acts, 18 Geo.III.c.33.
=500  \\$aWoodcut ornaments; woodcut factotum.
=500  \\$aSignatures: A-F² [chi]².
=510  4\$aESTC,$cT74813
=530  \\$aAlso available on microfilm and in the U.K. Parliamentary Papers database which can be accessed by on-site users.
=655  \7$aBills.$2rbgenr
=752  \\$aGreat Britain$bEngland$dLondon.
=852  41$aBritish Library$bHMNTS$jB.S.302/77.(33)
=852  41$aBritish Library$bHMNTS$jB.S.Ref.2/53.(21)$qCopy at B.S.Ref.2/53.(21). Imperfect: wanting the final leaf containing the docket title.
=856  41$uhttps://parlipapers.proquest.com/parlipapers/docview/t70.d75.pb-003327?$yProquest U.K. Parliamentary Papers
=CAT  \\$a3251$b40$c20181113$lBLL01$h1017
=CAT  \\$a3251$b40$c20181113$lBLL01$h1043
=FIN  \\$aY$d20181113
=FMT  \\$a  BK
=LAS  \\$a3251$b40$c20181113$lBLL01$h1043
=SRC  \\$aESTC

