=LDR  02168 am a2200409   4500
=001  019122593
=003  Uk
=005  20181113104812.0
=008  791208s1778\\\\enk\\\\\\\\\\o000\0\eng\c
=035  \\$a(Uk-ES)006345764
=040  \\$aUk-ES$cUk-ES$dCU-RivES$dCStRLIN$dCU-RivES$dUk-ES$edcrmb
=110  1\$aGreat Britain.$bParliament.
=240  10$aBills. 1778-03-02
=245  13$aAn act for vesting the several yearly rents and copyhold fines, payable to the Lord Bishop of Durham, and his successors, and issuing out of the several messuages, lands, and tenements within the manor of Howden in the East Riding of the county of York, in trustees, to be sold; and for enabling the said Lord Bishop of Durham, and his successors, to enfranchise the several customary or copyhold messuages, lands, and tenements within the said manor; and for applying the money, arising from such sale and enfranchisement, in the manner therein mentioned.
=260  \\$a[London] :$b[s.n.],$c[1778]
=300  \\$a10, [2] p. ;$c33 (2⁰)
=500  \\$aCaption title.
=500  \\$aEnacted: Private Acts, 18 Geo.III.c.55.
=500  \\$aWith a docket title dated 1778.
=500  \\$aCatchword on p.3: The.
=500  \\$aA variant has minor variations to the text of p.3, and catchword: ceiver.
=500  \\$aWoodcut ornaments; woodcut factotum; woodcut tail-piece
=500  \\$aSignatures: A-C².
=510  4\$aESTC,$cT74833
=530  \\$aAlso available on microfilm and in the U.K. Parliamentary Papers database which can be accessed by on-site users.
=648  \7$a1701-1800$2local
=650  \0$aAdvowson$zEngland.
=655  \7$aBills.$2rbgenr
=752  \\$aGreat Britain$bEngland$dLondon.
=852  41$aBritish Library$bHMNTS$jB.S.302/77.(55)
=852  41$aBritish Library$bHMNTS$jB.S.Ref.2/54.(11)$qCopy at B.S.Ref.2/54.(11). Imperfect: wanting the final leaf (sig. C2) containing the docket title.
=856  41$uhttps://parlipapers.proquest.com/parlipapers/docview/t70.d75.pb-003283?$yProquest U.K. Parliamentary Papers
=CAT  \\$a3251$b40$c20181113$lBLL01$h1048
=FIN  \\$aY$d20181113
=FMT  \\$a  BK
=LAS  \\$a3251$b40$c20181113$lBLL01$h1048
=SRC  \\$aESTC

