=LDR  01760 am a2200373   4500
=001  019122674
=003  Uk
=005  20181113130441.0
=008  791208s1778\\\\enk\\\\\\\\\\o000\0\eng\c
=035  \\$a(Uk-ES)006345768
=040  \\$aUk-ES$cUk-ES$dCU-RivES$dCStRLIN$dCU-RivES$dUk-ES$edcrmb
=110  1\$aGreat Britain.$bParliament.
=240  10$aBills. 1778-03-02
=245  13$aAn act for vesting the settled estate of John Bullock, Esquire, and Elizabeth his wife, in the county of Chester, in trustees, to be sold, for raising money to discharge an incumbrance thereon; and laying out the surplus in the purchase of lands and hereditaments, to be settled to the uses limited of the said settled estate.
=260  \\$a[London] :$b[s.n.],$c[1778]
=300  \\$a14, [2] p. ;$c33 cm (2⁰)
=500  \\$aEnacted: Private Acts, 18 Geo.III.c.59.
=500  \\$aCaption title.
=500  \\$aWith a docket title dated 1778.
=500  \\$aWoodcut ornaments; woodcut factotum.
=500  \\$aSignatures: A-D².
=510  4\$aESTC,$cT74837
=530  \\$aAlso available on microfilm and in the U.K. Parliamentary Papers database which can be accessed by on-site users.
=650  \0$aAdvowson$zEngland.
=655  \7$aBills.$2rbgenr
=752  \\$aGreat Britain$bEngland$dLondon.
=852  41$aBritish Library$bHMNTS$jB.S.Ref.2/54.(15)$qCopy at B.S.Ref.2/54.(15). Imperfect: wanting the final leaf (sig. D2) containing the docket title.
=852  41$aBritish Library$bHMNTS$jB.S.302/77.(59)
=856  41$uhttps://parlipapers.proquest.com/parlipapers/docview/t70.d75.pb-003287?$yProquest U.K. Parliamentary Papers
=CAT  \\$a3251$b40$c20181113$lBLL01$h1304
=FIN  \\$aY$d20181113
=FMT  \\$a  BK
=LAS  \\$a3251$b40$c20181113$lBLL01$h1304
=SRC  \\$aESTC

