=LDR  01585 am a2200361   4500
=001  019122678
=003  Uk
=005  20181113132218.0
=008  791208s1778\\\\enk\\\\\\\\\\o000\0\eng\c
=035  \\$a(Uk-ES)006345779
=040  \\$aUk-ES$cUk-ES$dCU-RivES$dCStRLIN$dCU-RivES$dUk-ES$edcrmb
=110  1\$aGreat Britain.$bParliament.
=240  10$aBills. 1778-02-23
=245  13$aAn act to enable the Honourable Temple Simon Luttrell to make a jointure upon his intended wife, out of his settled estate, and for making a provision by way of equivalent, in lieu thereof.
=260  \\$a[London] :$b[s.n.],$c[1778]
=300  \\$a8, [2] p. ;$c33 cm (2⁰)
=500  \\$aCaption title.
=500  \\$aEnacted: Private Acts, 18 Geo.III.c.71.
=500  \\$aWith a docket title dated 1778.
=500  \\$aWoodcut head-piece; woodcut factotum.
=500  \\$aSignatures: A-B² [chi]1.
=510  4\$aESTC,$cT74848
=530  \\$aAlso available on microfilm and in the U.K. Parliamentary Papers database which can be accessed by on-site users.
=655  \7$aBills.$2rbgenr
=752  \\$aGreat Britain$bEngland$dLondon.
=852  41$aBritish Library$bHMNTS$jB.S.302/77.(71)
=852  41$aBritish Library$bHMNTS$jB.S.Ref.2/54.(26)$qCopy at B.S.Ref.2/54.(26). Imperfect: wanting the final leaf containing the docket title.
=856  41$uhttps://parlipapers.proquest.com/parlipapers/docview/t70.d75.pb-003298?$yProquest U.K. Parliamentary Papers
=CAT  \\$a3251$b40$c20181113$lBLL01$h1322
=FIN  \\$aY$d20181113
=FMT  \\$a  BK
=LAS  \\$a3251$b40$c20181113$lBLL01$h1322
=SRC  \\$aESTC

