=LDR  02067 am a2200361   4500
=001  019135056
=003  Uk
=005  20181122125815.0
=008  791208s1778\\\\enk\\\\\\\\\\o000\0\eng\c
=035  \\$a(Uk-ES)006345927
=040  \\$aUk-ES$cUk-ES$dCStRLIN$dUk-ES$edcrmb
=110  1\$aGreat Britain.$bParliament.
=240  10$aBills. 1778-03-27
=245  13$aAn act for vesting part of the settled estates of Sir Robert Sutton, deceased, in the county of Lincoln, in Sir Richard Sutton, Baronet, in fee simple; and for vesting certain lands of the said Sir Richard Sutton, in Easthorpe, in the county of Nottingham, in the Archbishop of York, and his successors, in fee simple, in exchange for the mansion house, park, and lands of the siad Sir Richard Sutton, called Norwood Park, and Hall Meadow, in the said county of Nottingham, now held by the said Sir Richard Sutton upon leases for lives; and for vesting the same, together with other lands of the said Sir Richard Sutton, inthe county of Nottingham, in trustees, in lieu of the said settled estates.
=260  \\$a[London] :$b[s.n.],$c[1778]
=300  \\$a14, [2] p. ;$c32 cm (2⁰)
=500  \\$aEnacted: Private Acts, 18 Geo.III.c.79.
=500  \\$aCaption title.
=500  \\$aWith a docket title dated 1778.
=500  \\$aWoodcut ornaments; woodcut factotum.
=500  \\$aSignatures: A-D².
=510  4\$aESTC,$cT74996
=530  \\$aAlso available on microfilm and in the U.K. Parliamentary Papers database which can be accessed by on-site users.
=655  \7$aBills.$2rbgenr
=752  \\$aGreat Britain$bEngland$dLondon.
=852  41$aBritish Library$bHMNTS$jB.S.Ref.2/55.(2)$qCopy at B.S.Ref.2/55.(2). Imperfect: wanting the final leaf (sig. D2) containing the docket title.
=856  41$uhttps://parlipapers.proquest.com/parlipapers/docview/t70.d75.pb-003241?$yProquest U.K. Parliamentary Papers
=CAT  \\$a3251$b40$c20181121$lBLL01$h0922
=CAT  \\$a3251$b40$c20181122$lBLL01$h1258
=FIN  \\$aY$d20181121
=FMT  \\$a  BK
=LAS  \\$a3251$b40$c20181122$lBLL01$h1258
=SRC  \\$aESTC

