=LDR  02032 am a2200373   4500
=001  019135078
=003  Uk
=005  20181122125833.0
=008  791208s1778\\\\enk\\\\\\\\\\o000\0\eng\c
=035  \\$a(Uk-ES)006354675
=040  \\$aUk-ES$cUk-ES$dCU-RivES$dCStRLIN$dCU-RivES$dUk-ES$edcrmb
=110  1\$aGreat Britain.$bParliament.
=240  10$aBills. 1778-03-27
=245  13$a[An act for carrying into execution an agreement entered into by Sir James Wright Baronet, for sale of the manor of Husborne Tarrant, &c. to Joseph Portal, Esquire, &c.]
=260  \\$a[London] :$b[s.n.],$c[1778]
=300  \\$a48 p. ;$c32 cm (2⁰)
=500  \\$aTitle is missing. Text begins "Whereas by an act of Parliament made and passed in the first year of the reign of her late Majesty Queen Anne, intituled, "An act for vesting the lands of Henry Pawlett, a lunatic, in trustees, in order to make suitable provision for him, his next heir and next relations;" ...".
=500  \\$aEnacted: Private Acts 18 Geo.III.c.80.
=500  \\$aTitle taken from the Lords Journal Vol.XXXV.
=500  \\$aWoodcut factotum.
=500  \\$aSignatures: A-M².
=510  4\$aESTC,$cT84219
=530  \\$aAlso available on microfilm and in the U.K. Parliamentary Papers database which can be accessed by on-site users.
=655  \7$aBills.$2rbgenr
=740  02$aWhereas by an act of Parliament made and passed in the first year of the reign of her late Majesty Queen Anne, intituled, 'An act for vesting the lands of Henry Pawlett, a lunatic, in trustees, in order to make suitable provision for him, his next heir and next relations'.
=752  \\$aGreat Britain$bEngland$dLondon.
=852  41$aBritish Library$bHMNTS$jB.S.Ref.2/55.(3)
=856  41$uhttps://parlipapers.proquest.com/parlipapers/docview/t70.d75.pb-003242?$yProquest U.K. Parliamentary Papers
=CAT  \\$a3251$b40$c20181121$lBLL01$h0939
=CAT  \\$a3251$b40$c20181122$lBLL01$h1258
=FIN  \\$aY$d20181121
=FMT  \\$a  BK
=LAS  \\$a3251$b40$c20181122$lBLL01$h1258
=SRC  \\$aESTC

