=LDR  01956 am a2200421   4500
=001  019135104
=003  Uk
=005  20181122125927.0
=008  791208s1778\\\\enk\\\\\\\\\\o000\0\eng\c
=035  \\$a(Uk-ES)006345899
=040  \\$aUk-ES$cUk-ES$dCU-RivES$dCStRLIN$dCU-RivES$dUk-ES$edcrmb
=110  1\$aGreat Britain.$bParliament.
=240  10$aBills. 1778-03-23
=245  13$aAn act for vesting the settled estates of Henry Martin, Gentleman, and Elizabeth his wife, in Elton, in the county of Huntingdon, in trustees, to be exchanged, or to be sold, and the money laid out in the purchase of other lands and hereditaments, to be settled to the same uses.
=260  \\$a[London] :$b[s.n.],$c[1778]
=300  \\$a14, [2] p. ;$c32 cm (2⁰)
=500  \\$aCaption title.
=500  \\$aEnacted: Private Acts, 18 Geo.III.c.83.
=500  \\$aWith a docket title dated 1778.
=500  \\$aCatchword on p.6: of.
=500  \\$aA variant has minor resetting on pp.6 and 7 to correct a printing error, and catchword: Uses.
=500  \\$aWoodcut head-piece; woodcut factotum.
=500  \\$aSignatures: A-D².
=510  4\$aESTC,$cT74968
=530  \\$aAlso available on microfilm and in the U.K. Parliamentary Papers database which can be accessed by on-site users.
=650  \0$aAdvowson$zEngland.
=655  \7$aBills.$2rbgenr
=752  \\$aGreat Britain$bEngland$dLondon.
=852  41$aBritish Library$bHMNTS$jB.S.Ref.2/55.(6)$qCopy at B.S.Ref.2/55.(6). Imperfect: wanting the final leaf (sig. D2) containing the docket title.
=852  41$aBritish Library$bHMNTS$jB.S.302/77.(83)
=856  41$uhttps://parlipapers.proquest.com/parlipapers/docview/t70.d75.pb-003245?$yProquest U.K. Parliamentary Papers
=CAT  \\$a3251$b40$c20181121$lBLL01$h1001
=CAT  \\$a3251$b40$c20181121$lBLL01$h1004
=CAT  \\$a3251$b40$c20181122$lBLL01$h1259
=FIN  \\$aY$d20181121
=FMT  \\$a  BK
=LAS  \\$a3251$b40$c20181122$lBLL01$h1259
=SRC  \\$aESTC

