=LDR  01560 am a2200361   4500
=001  019135105
=003  Uk
=005  20181121101701.0
=008  791208s1778\\\\enk\\\\\\\\\\o000\0\eng\c
=035  \\$a(Uk-ES)006345918
=040  \\$aUk-ES$cUk-ES$dCStRLIN$dUk-ES$edcrmb
=110  1\$aGreat Britain.$bParliament.
=240  10$aBills. 1778-03-10
=245  13$aAn act to dissolve the marriage of Sir Patrick Blake, Baronet, with Dame Annabella Blake, his now wife, and to enable him to marry again; and for other purposes therein mentioned.
=260  \\$a[London] :$b[s.n.],$c[1778]
=300  \\$a14, [2] p. ;$c33 cm (2⁰)
=500  \\$aCaption title.
=500  \\$aEnacted: Private Acts, 18 Geo.III.c.102.
=500  \\$aWith a docket title dated 1778.
=500  \\$aWoodcut ornaments; woodcut factotum.
=500  \\$aSignatures: A-D².
=510  4\$aESTC,$cT74987
=530  \\$aAlso available on microfilm and in the U.K. Parliamentary Papers database which can be accessed by on-site users.
=655  \7$aBills.$2rbgenr
=752  \\$aGreat Britain$bEngland$dLondon.
=852  41$aBritish Library$bHMNTS$jB.S.302/77.(102)
=852  41$aBritish Library$bHMNTS$jB.S.Ref.2/55.(25)$qCopy at B.S.Ref.2/55.(25). Imperfect: wanting the final leaf (sig. D2) containing the docket title.
=856  41$uhttps://parlipapers.proquest.com/parlipapers/docview/t70.d75.pb-003264?$yProquest U.K. Parliamentary Papers
=CAT  \\$a3251$b40$c20181121$lBLL01$h1017
=FIN  \\$aY$d20181121
=FMT  \\$a  BK
=LAS  \\$a3251$b40$c20181121$lBLL01$h1017
=SRC  \\$aESTC

