=LDR  02334 am a2200385   4500
=001  019135138
=003  Uk
=005  20181122130245.0
=008  791208s1778\\\\enk\\\\\\\\\\o000\0\eng\c
=035  \\$a(Uk-ES)006345922
=040  \\$aUk-ES$cUk-ES$dCStRLIN$dUk-ES$edcrmb
=110  1\$aGreat Britain.$bParliament.
=240  10$aBills. 1778-05-11
=245  13$aAn act concerning certain estates heretofore of Francis Keck, Esquire, deceased, in the counties of Oxford and Wilts, (that is to say), for vesting such part thereof, which hath been sold under a decree and subsequent order of the Court of Chancery, in trustees, to enable them to convey the same; and for carrying into execution an agreement concerning other parts of such estates; and forconfirming and carrying into execution a partition, made pursuant to the said decree and subsequent order, of so much of the said estates as remain unsold; and for vesting part of suchestates in Diana Mary Barker, and her heirs, subject to the trusts in the will of Francis Baber, Esquire, deceased, and the residue in trustees to be sold; and for directing the application of the money which shall arise by such sale and for other purposes therein mentioned.
=260  \\$a[London] :$b[s.n.],$c[1778]
=300  \\$a46, [2] p. ;$c32 cm (2⁰)
=500  \\$aCaption title.
=500  \\$aEnacted: Private Acts, 18 Geo.III.c.109.
=500  \\$aAn earlier edition with blanks on pp.38, 40, 41, 43, 44 and 45.
=500  \\$aCatchword on p.43: of.
=500  \\$aDocket title dated 1778.
=500  \\$aWoodcut ornaments; woodcut factotum.
=500  \\$aSignatures: A--M².
=510  4\$aESTC,$cT74991
=530  \\$aAlso available on microfilm and in the U.K. Parliamentary Papers database which can be accessed by on-site users.
=655  \7$aBills.$2rbgenr
=752  \\$aGreat Britain$bEngland$dLondon.
=852  41$aBritish Library$bHMNTS$jB.S.Ref.2/55.(29)$qCopy at B.S.Ref.2/55.(29). Imperfect: wanting the final leaf (sig. M2) containing the docket title.
=856  41$uhttps://parlipapers.proquest.com/parlipapers/docview/t70.d75.pb-003268?$yProquest U.K. Parliamentary Papers
=CAT  \\$a3251$b40$c20181121$lBLL01$h1055
=CAT  \\$a3251$b40$c20181122$lBLL01$h1302
=FIN  \\$aY$d20181121
=FMT  \\$a  BK
=LAS  \\$a3251$b40$c20181122$lBLL01$h1302
=SRC  \\$aESTC

