=LDR  01996 am a2200361   4500
=001  019135197
=003  Uk
=005  20181121114914.0
=008  791208s1778\\\\enk\\\\\\\\\\o000\0\eng\c
=035  \\$a(Uk-ES)006345923
=040  \\$aUk-ES$cUk-ES$dCStRLIN$dUk-ES$edcrmb
=110  1\$aGreat Britain.$bParliament.
=240  10$aBills. 1778-03-27
=245  13$aAn act for vesting certain messuages, lands, tenements, and hereditaments, in the parish of Crayford, in the county of Kent, comprized in the marriage settlement of Shovel Blackwood, and Sarah his wife, in trustees, to the several uses within mentioned; and also for vesting certain other messuages, lands tenements, and hereditaments, in the parishes of Norborn, Betshanger, Ham, Sholdon, and Poultons, in the said county of Kent, called Poulton Farm, and West Street, and Parkgate Farm, intailed upon the issue male of the said Shovel Blackwood, in other trustees, to the several uses within mentioned.
=260  \\$a[London] :$b[s.n.],$c[1778]
=300  \\$a36, [2] p. ;$c33 cm (2⁰)
=500  \\$aEnacted: Private Acts, 18 Geo.III.c.110.
=500  \\$aCaption title.
=500  \\$aWith a docket title dated 1778.
=500  \\$aWoodcut ornaments; woodcut factotum.
=500  \\$aSignatures: A-H² I²(-I2) K².
=510  4\$aESTC,$cT74992
=530  \\$aAlso available on microfilm and in the U.K. Parliamentary Papers database which can be accessed by on-site users.
=655  \7$aBills.$2rbgenr
=752  \\$aGreat Britain$bEngland$dLondon.
=852  41$aBritish Library$bHMNTS$jB.S.302/77.(110)
=852  41$aBritish Library$bHMNTS$jB.S.Ref.2/55.(30)$qCopy at B.S.Ref.2/55.(30). Imperfect: wanting the final leaf (sig. K2) containing the final leaf.
=856  41$uhttps://parlipapers.proquest.com/parlipapers/docview/t70.d75.pb-003269?$yProquest U.K. Parliamentary Papers
=CAT  \\$a3251$b40$c20181121$lBLL01$h1149
=FIN  \\$aY$d20181121
=FMT  \\$a  BK
=LAS  \\$a3251$b40$c20181121$lBLL01$h1149
=SRC  \\$aESTC

