=LDR  01687 am a2200361   4500
=001  019135216
=003  Uk
=005  20181121121840.0
=008  791208s1778\\\\enk\\\\\\\\\\o000\0\eng\c
=035  \\$a(Uk-ES)006345924
=040  \\$aUk-ES$cUk-ES$dCStRLIN$dUk-ES$edcrmb
=110  1\$aGreat Britain.$bParliament.
=240  10$aBills. 1778-04-08
=245  13$aAn act for vesting in trustees certain messuages, lands, and tenements, in the county of Surry, settled in and by the will of Thomas Bridges Esquire, deceased, to be sold and conveyed pursuant to articles; and for laying out the purchase money in other lands and tenements, to be settled to the uses of the said will.
=260  \\$a[London] :$b[s.n.],$c[1778]
=300  \\$a10, [2] p. ;$c33 cm (2⁰)
=500  \\$aEnacted: Private Acts, 18 Geo.III.c.111.
=500  \\$aCaption title.
=500  \\$aWith a docket title.
=500  \\$aWoodcut ornaments; woodcut factotum.
=500  \\$aSignatures: A-C².
=510  4\$aESTC,$cT74993
=530  \\$aAlso available on microfilm and in the U.K. Parliamentary Papers database which can be accessed by on-site users.
=655  \7$aBills.$2rbgenr
=752  \\$aGreat Britain$bEngland$dLondon.
=852  41$aBritish Library$bHMNTS$jB.S.Ref.2/55.(31)$qCopy at B.S.Ref.2/55.(31). Imperfect: wanting the final leaf (sig. C2) containing the docket title.
=852  41$aBritish Library$bHMNTS$jB.S.302/77.(111)
=856  41$uhttps://parlipapers.proquest.com/parlipapers/docview/t70.d75.pb-003270?$yProquest U.K. Parliamentary Papers
=CAT  \\$a3251$b40$c20181121$lBLL01$h1218
=FIN  \\$aY$d20181121
=FMT  \\$a  BK
=LAS  \\$a3251$b40$c20181121$lBLL01$h1218
=SRC  \\$aESTC

