=LDR  01806 am a2200361   4500
=001  019135222
=003  Uk
=005  20181121122859.0
=008  791208s1778\\\\enk\\\\\\\\\\o000\0\eng\c
=035  \\$a(Uk-ES)006345726
=040  \\$aUk-ES$cUk-ES$dCStRLIN$dUk-ES$edcrmb
=110  1\$aGreat Britain.$bParliament.
=240  10$aBills. 1778-01-20
=245  13$aAn act for vesting certain messuages, lands, and hereditaments, in the county of Kent (part of the estates devised and settled by the will of John Thoyts, deceased) in trustees, to be sold and conveyed to Sir Sampson Gideon, Baronet, and his heirs; and for laying out the monies arising by such sale in the purchase of other lands and hereditaments, to be conveyed and settled to and upon the like uses and trusts in the said will.
=260  \\$a[London] :$b[s.n.],$c[1778]
=300  \\$a10, [2] p. ;$c33 cm (2⁰)
=500  \\$aCaption title.
=500  \\$aEnacted: Private Acts, 18 Geo.III.c.5.
=500  \\$aWith a docket title dated 1778.
=500  \\$aWoodcut ornaments; woodcut factotum.
=500  \\$aSignatures: A-C².
=510  4\$aESTC,$cT74795
=530  \\$aAlso available on microfilm and in the U.K. Parliamentary Papers database which can be accessed by on-site users.
=655  \7$aBills.$2rbgenr
=752  \\$aGreat Britain$bEngland$dLondon.
=852  41$aBritish Library$bHMNTS$jB.S.Ref.2/53.(3)$qCopy at B.S.Ref.2/53.(3). Imperfect: wanting the final leaf (sig. C2) containing the docket title.
=852  41$aBritish Library$bHMNTS$jB.S.302/77.(5)
=856  41$uhttps://parlipapers.proquest.com/parlipapers/docview/t70.d75.pb-003309?$yProquest U.K. Parliamentary Papers
=CAT  \\$a3251$b40$c20181121$lBLL01$h1228
=FIN  \\$aY$d20181121
=FMT  \\$a  BK
=LAS  \\$a3251$b40$c20181121$lBLL01$h1228
=SRC  \\$aESTC

