=LDR  01662 am a2200373   4500
=001  019136837
=003  Uk
=005  20181122125909.0
=008  791208s1778\\\\enk\\\\\\\\\\o000\0\eng\c
=035  \\$a(Uk-ES)006345898
=040  \\$aUk-ES$cUk-ES$dCU-RivES$dCStRLIN$dCU-RivES$dUk-ES$edcrmb
=110  1\$aGreat Britain.$bParliament.
=240  10$aBills. 1778-03-20
=245  13$aAn act for vesting the settled estate of Anthony Deane the younger, Esquire, in the county of Worcester, in trustees to be sold, and for laying out the money arising by such sale, together with other monies therein mentioned, in the purchase of other lands and hereditaments to be settled in lieu thereof, to the several uses therein expressed.
=260  \\$a[London] :$b[s.n.],$c[1778]
=300  \\$a19, [1] p. ;$c32 cm (2⁰)
=500  \\$aDocket title dated 1778.
=500  \\$aEnacted: Private Acts, 18 Geo.III.c.82.
=500  \\$aCaption title.
=500  \\$aWoodcut head-piece; woodcut factotum.
=500  \\$aSignatures: A-E².
=510  4\$aESTC,$cT74967
=530  \\$aAlso available on microfilm and in the U.K. Parliamentary Papers database which can be accessed by on-site users.
=650  \0$aAdvowson$zEngland.
=655  \7$aBills.$2rbgenr
=752  \\$aGreat Britain$bEngland$dLondon.
=852  41$aBritish Library$bHMNTS$jB.S.Ref.2/55.(5)
=856  41$uhttps://parlipapers.proquest.com/parlipapers/docview/t70.d75.pb-003244?$yProquest U.K. Parliamentary Papers
=CAT  \\$a3251$b40$c20181122$lBLL01$h0933
=CAT  \\$a3251$b40$c20181122$lBLL01$h1259
=FIN  \\$aY$d20181122
=FMT  \\$a  BK
=LAS  \\$a3251$b40$c20181122$lBLL01$h1259
=SRC  \\$aESTC

