=LDR  01536 am a2200361   4500
=001  019136863
=003  Uk
=005  20181122130214.0
=008  791208s1778\\\\enk\\\\\\\\\\o000\0\eng\c
=035  \\$a(Uk-ES)006345921
=040  \\$aUk-ES$cUk-ES$dCStRLIN$dUk-ES$edcrmb
=110  1\$aGreat Britain.$bParliament.
=240  10$aBills. 1778-03-06
=245  13$aAn act to dissolve the marriage of Clotworthy Dobbin Esquire with Mary McNamara Davis his now wife, and to enable him to marry again; and for other purposes therein mentioned.
=260  \\$a[London] :$b[s.n.],$c[1778]
=300  \\$a6, [2] p. ;$c32 cm (2⁰)
=500  \\$aEnacted: Private Acts, 18 Geo.III.c.105.
=500  \\$aCaption title.
=500  \\$aWith a docket title.
=500  \\$aWoodcut head-piece; woodcut factotum.
=500  \\$aSignatures: A-B².
=510  4\$aESTC,$cT74990
=530  \\$aAlso available on microfilm and in the U.K. Parliamentary Papers database which can be accessed by on-site users.
=655  \7$aBills.$2rbgenr
=752  \\$aGreat Britain$bEngland$dLondon.
=852  41$aBritish Library$bHMNTS$jB.S.Ref.2/55.(28)$qCopy at B.S.Ref.2/55.(28). Imperfect: wanting the final leaf (sig. B2) containing the docket title.
=856  41$uhttps://parlipapers.proquest.com/parlipapers/docview/t70.d75.pb-003267?$yProquest U.K. Parliamentary Papers
=CAT  \\$a3251$b40$c20181122$lBLL01$h1019
=CAT  \\$a3251$b40$c20181122$lBLL01$h1302
=FIN  \\$aY$d20181122
=FMT  \\$a  BK
=LAS  \\$a3251$b40$c20181122$lBLL01$h1302
=SRC  \\$aESTC

