=LDR  01724 am a2200361   4500
=001  019136886
=003  Uk
=005  20181122125941.0
=008  791208s1778\\\\enk\\\\\\\\\\o000\0\eng\c
=035  \\$a(Uk-ES)006345900
=040  \\$aUk-ES$cUk-ES$dCStRLIN$dUk-ES$edcrmb
=110  1\$aGreat Britain.$bParliament.
=240  10$aBills. 1778-03-17
=245  13$aAn act to authorize Sir Lawrence Dundas, Bart. and the several other persons therein mentioned, to insert in a deed of disposition and conveyance of lands and hereditaments in Scotland, agreed to be settled by articles made previous to the marriage of Thomas Dundas, Esq; with Lady Charlotte his wife, the like power of exchange as is contained in the settlement made previous to the said marriage, of certain estates of the said Sir Lawrence Dundas, in England.
=260  \\$a[London] :$b[s.n.],$c[1778]
=300  \\$a11, [1] p. ;$c32 cm (2⁰)
=500  \\$aDocket title dated 1778.
=500  \\$aEnacted: Private Acts, 18 Geo.III.c.84.
=500  \\$aCaption title.
=500  \\$aWoodcut ornaments; woodcut factotum.
=500  \\$aSignatures: A-C².
=510  4\$aESTC,$cT74969
=530  \\$aAlso available on microfilm and in the U.K. Parliamentary Papers database which can be accessed by on-site users.
=655  \7$aBills.$2rbgenr
=752  \\$aGreat Britain$bEngland$dLondon.
=852  41$aBritish Library$bHMNTS$jB.S.Ref.2/55.(7)
=856  41$uhttps://parlipapers.proquest.com/parlipapers/docview/t70.d75.pb-003246?$yProquest U.K. Parliamentary Papers
=CAT  \\$a3251$b40$c20181122$lBLL01$h1033
=CAT  \\$a3251$b40$c20181122$lBLL01$h1259
=FIN  \\$aY$d20181122
=FMT  \\$a  BK
=LAS  \\$a3251$b40$c20181122$lBLL01$h1259
=SRC  \\$aESTC

