=LDR  01563 am a2200361   4500
=001  019136894
=003  Uk
=005  20181122125956.0
=008  791208s1778\\\\enk\\\\\\\\\\o000\0\eng\c
=035  \\$a(Uk-ES)006345901
=040  \\$aUk-ES$cUk-ES$dCStRLIN$dUk-ES$edcrmb
=110  1\$aGreat Britain.$bParliament.
=240  10$aBills. 1778-03-27
=245  13$aAn act for empowering the judges of the Court of Session, in Scotland, to sell such parts and portions of the entailed estates of Shawfield, and others, in the counties of Lanark and Argyle, belonging to Walter Campbell of Shawfield, Esquire, as shall be sufficient for payment of the debts affecting the same.
=260  \\$a[London] :$b[s.n.],$c[1778]
=300  \\$a12 p. ;$c32 cm (2⁰)
=500  \\$aWith a docket title.
=500  \\$aEnacted: Private Acts, 18 Geo.III.c.85.
=500  \\$aCaption title.
=500  \\$aWoodcut ornaments; woodcut factotum.
=500  \\$aSignatures: A-C².
=510  4\$aESTC,$cT74970
=530  \\$aAlso available on microfilm and in the U.K. Parliamentary Papers database which can be accessed by on-site users.
=655  \7$aBills.$2rbgenr
=752  \\$aGreat Britain$bEngland$dLondon.
=852  41$aBritish Library$bHMNTS$jB.S.Ref.2/55.(8)
=856  41$uhttps://parlipapers.proquest.com/parlipapers/docview/t70.d75.pb-003247?$yProquest U.K. Parliamentary Papers
=CAT  \\$a3251$b40$c20181122$lBLL01$h1041
=CAT  \\$a3251$b40$c20181122$lBLL01$h1259
=FIN  \\$aY$d20181122
=FMT  \\$a  BK
=LAS  \\$a3251$b40$c20181122$lBLL01$h1259
=SRC  \\$aESTC

