=LDR  01558 am a2200373   4500
=001  019136920
=003  Uk
=005  20181122130052.0
=008  791208s1778\\\\enk\\\\\\\\\\o000\0\eng\c
=035  \\$a(Uk-ES)006345906
=040  \\$aUk-ES$cUk-ES$dCStRLIN$dUk-ES$edcrmb
=110  1\$aGreat Britain.$bParliament.
=240  10$aBills. 1778-03-09
=245  13$aAn act for dividing, inclosing, and preserving, a certain common or parcel of waste ground, or marsh, called Saltney Marsh, within the manor and parish of Hawarden, in the county of Flint; and for other purposes therein mentioned.
=260  \\$a[London] :$b[s.n.],$c[1778]
=300  \\$a55, [1] p. ;$c32 cm (2⁰)
=500  \\$aDocket title dated 1778.
=500  \\$aEnacted: Private Acts, 18 Geo.III.c.90.
=500  \\$aCaption title.
=500  \\$aWoodcut ornaments; woodcut factotum.
=500  \\$aSignatures: A-O².
=510  4\$aESTC,$cT74975
=530  \\$aAlso available on microfilm and in the U.K. Parliamentary Papers database which can be accessed by on-site users.
=650  \0$aCommons$zWales$zFlintshire$vEarly works to 1800.
=655  \7$aBills.$2rbgenr
=752  \\$aGreat Britain$bEngland$dLondon.
=852  41$aBritish Library$bHMNTS$jB.S.Ref.2/55.(13)
=856  41$uhttps://parlipapers.proquest.com/parlipapers/docview/t70.d75.pb-003252?$yProquest U.K. Parliamentary Papers
=CAT  \\$a3251$b40$c20181122$lBLL01$h1057
=CAT  \\$a3251$b40$c20181122$lBLL01$h1300
=FIN  \\$aY$d20181122
=FMT  \\$a  BK
=LAS  \\$a3251$b40$c20181122$lBLL01$h1300
=SRC  \\$aESTC

