=LDR  01469 am a2200361   4500
=001  019136932
=003  Uk
=005  20181122130024.0
=008  791208s1778\\\\enk\\\\\\\\\\o000\0\eng\c
=035  \\$a(Uk-ES)006345902
=040  \\$aUk-ES$cUk-ES$dCU-RivES$dCStRLIN$dCU-RivES$dUk-ES$edcrmb
=110  1\$aGreat Britain.$bParliament.
=240  10$aBills. 1778-03-26
=245  13$aAn act for vesting the settled estates of Thomas Bennett the younger and Elizabeth his wife, in trustees, to be conveyed in exchange for other estates of greater value to be settled to the same uses.
=260  \\$a[London] :$b[s.n.],$c[1778]
=300  \\$a9, [1] p. ;$c32 cm (2⁰)
=500  \\$aDocket title dated 1778.
=500  \\$aEnacted: Private Acts, 18 Geo.III.c.86.
=500  \\$aCaption title.
=500  \\$aSignatures: A-B² [chi]1.
=510  4\$aESTC,$cT74971
=530  \\$aAlso available on microfilm and in the U.K. Parliamentary Papers database which can be accessed by on-site users.
=650  \0$aAdvowson$zEngland.
=655  \7$aBills.$2rbgenr
=752  \\$aGreat Britain$bEngland$dLondon.
=852  41$aBritish Library$bHMNTS$jB.S.Ref.2/55.(9)
=856  41$uhttps://parlipapers.proquest.com/parlipapers/docview/t70.d75.pb-003248?$yProquest U.K. Parliamentary Papers
=CAT  \\$a3251$b40$c20181122$lBLL01$h1103
=CAT  \\$a3251$b40$c20181122$lBLL01$h1300
=FIN  \\$aY$d20181122
=FMT  \\$a  BK
=LAS  \\$a3251$b40$c20181122$lBLL01$h1300
=SRC  \\$aESTC

