=LDR  01454 am a2200361   4500
=001  019136990
=003  Uk
=005  20181122124714.0
=008  791208s1778\\\\enk\\\\\\\\\\o000\0\eng\c
=035  \\$a(Uk-ES)006345780
=040  \\$aUk-ES$cUk-ES$dCStRLIN$dUk-ES$edcrmb
=110  1\$aGreat Britain.$bParliament.
=240  10$aBills. 1778-03-05
=245  13$aAn act to dissolve the marriage of John Hooke Campbell, Esquire, with Elizabeth Eustacia his now wife, and to enable him to marry again; and for other purposes therein-mentioned.
=260  \\$a[London] :$b[s.n.],$c[1778]
=300  \\$a17, [1] p. ;$c32 cm (2⁰)
=500  \\$aDocket title dated 1778.
=500  \\$aEnacted: Private Acts, 18 Geo.III.c.72.
=500  \\$aCaption title.
=500  \\$aWoodcut ornaments; woodcut factotum.
=500  \\$aSignatures: A-C² D²(-D2) E².
=510  4\$aESTC,$cT74849
=530  \\$aAlso available on microfilm and in the U.K. Parliamentary Papers database which can be accessed by on-site users.
=655  \7$aBills.$2rgbenr
=752  \\$aGreat Britain$bEngland$dLondon.
=852  41$aBritish Library$bHMNTS$jB.S.Ref.2/54.(27)
=856  41$uhttps://parlipapers.proquest.com/parlipapers/docview/t70.d75.pb-003299?$yProquest U.K. Parliamentary Papers
=CAT  \\$a3251$b40$c20181122$lBLL01$h1212
=CAT  \\$a3251$b40$c20181122$lBLL01$h1247
=FIN  \\$aY$d20181122
=FMT  \\$a  BK
=LAS  \\$a3251$b40$c20181122$lBLL01$h1247
=SRC  \\$aESTC

