=LDR  01425 am a2200349   4500
=001  019136997
=003  Uk
=005  20181122124645.0
=008  791208s1778\\\\enk\\\\\\\\\\o000\0\eng\c
=035  \\$a(Uk-ES)006345769
=040  \\$aUk-ES$cUk-ES$dCStRLIN$dUk-ES$edcrmb
=110  1\$aGreat Britain.$bParliament.
=240  10$aBills. 1778-03-16
=245  12$aA bill for exemplifying or inrolling the will of George late Lord Bingley, deceased, and making such exemplification or attested copies of the inrolment thereof evidence, as well in Ireland as in Great-Britain.
=260  \\$a[London] :$b[s.n.],$c[1778]
=300  \\$a4 p. ;$c32 cm (2⁰)
=500  \\$aEnacted: Private Acts, 18 Geo.III.c.60.
=500  \\$aCaption title.
=500  \\$aWoodcut head-piece; woodcut factotum.
=500  \\$aSignatures: A².
=510  4\$aESTC,$cT74838
=530  \\$aAlso available on microfilm and in the U.K. Parliamentary Papers database which can be accessed by on-site users.
=655  \7$aBills.$2rbgenr
=752  \\$aGreat Britain$bEngland$dLondon.
=852  41$aBritish Library$bHMNTS$jB.S.Ref.2/54.(16)
=856  41$uhttps://parlipapers.proquest.com/parlipapers/docview/t70.d75.pb-003288?$yProquest U.K. Parliamentary Papers
=CAT  \\$a3251$b40$c20181122$lBLL01$h1225
=CAT  \\$a3251$b40$c20181122$lBLL01$h1246
=FIN  \\$aY$d20181122
=FMT  \\$a  BK
=LAS  \\$a3251$b40$c20181122$lBLL01$h1246
=SRC  \\$aESTC

