=LDR  01568cam a2200361   4500
=001  019137011
=003  Uk
=005  20220126160639.0
=008  791208s1778\\\\enk\\\\\\\\\\o000\0\eng\c
=035  \\$a(Uk-ES)006345766
=040  \\$aUk-ES$cUk-ES$dCStRLIN$dUk-ES$edcrmb
=110  1\$aGreat Britain.$bParliament.
=240  10$aBills. 1778-03-02
=245  13$aAn act to enable John Arthur Worsop, (heretofore called John Arthur) Esquire, to settle a jointure upon any woman or women he may hereafter marry, on the terms therein mentioned.
=260  \\$a[London] :$b[s.n.],$c[1778]
=300  \\$a18, [2] p. ;$c32 cm (2⁰)
=500  \\$aEnacted: Private Acts, 18 Geo.III.c.57.
=500  \\$aCaption title.
=500  \\$aWith a docket title dated 1778.
=500  \\$aWoodcut head-piece; woodcut factotum.
=500  \\$aSugnatures: A--E².
=510  4\$aESTC,$cT74835
=530  \\$aAlso available on microfilm and in the U.K. Parliamentary Papers database which can be accessed by on-site users.
=752  \\$aGreat Britain$bEngland$dLondon.
=852  41$aBritish Library$bHMNTS$jB.S.Ref.2/54.(13)$qCopy at B.S.Ref.2/54.(13). Imperfect: wanting the final leaf (sig. E2) containing the docket title.
=856  41$uhttps://parlipapers.proquest.com/parlipapers/docview/t70.d75.pb-003285?$yProquest U.K. Parliamentary Papers
=CAT  \\$a3251$b40$c20181122$lBLL01$h1244
=CAT  \\$a8201$b40$c20220126$lBLL01$h1604
=CAT  \\$a8201$b40$c20220126$lBLL01$h1606
=FIN  \\$aY$d20181122
=FMT  \\$a  BK
=LAS  \\$a8201$b40$c20220126$lBLL01$h1606
=SRC  \\$aESTC

