=LDR  01740 am a2200361   4500
=001  019137100
=003  Uk
=005  20181122142558.0
=008  791208s1777\\\\enk\\\\\\\\\\o000\0\eng\c
=035  \\$a(Uk-ES)006345725
=040  \\$aUk-ES$cUk-ES$dCU-RivES$dCStRLIN$dCU-RivES$dUk-ES$edcrmb
=110  1\$aGreat Britain.$bParliament.
=240  10$aBills. 1777-11-24
=245  13$aAn act for rectifying a mistake in the name of one of the commissioners appointed to put in execution an act made in the last session of Parliament, for dividing and inclosing the several open common fields, meadows, pastures, commons, and waste grounds within the townships of Cantley, Brampton, Bessacarr, and High Ellars, within the several manors of Brampton and Bessacarr in the parish of Cantley in the west riding of the county of York.
=260  \\$a[London] :$b[s.n.],$c[1777]
=300  \\$a3, [1] p. ;$c32 cm (2⁰)
=500  \\$aDocket title dated 1777.
=500  \\$aEnacted: Private Acts, 18 Geo.III.c.2.
=500  \\$aCaption title.
=500  \\$aWoodcut head-piece; woodcut factotum.
=500  \\$aSignatures: A².
=510  4\$aESTC,$cT74794
=530  \\$aAlso available on microfilm and in the U.K. Parliamentary Papers database which can be accessed by on-site users.
=650  \0$aCommons$zEngland$zYorkshire$vEarly works to 1800.
=655  \7$aBills.$2rbgenr
=752  \\$aGreat Britain$bEngland$dLondon.
=852  41$aBritish Library$bHMNTS$jB.S.Ref.2/53.(2)
=856  41$uhttps://parlipapers.proquest.com/parlipapers/docview/t70.d75.pb-003308?$yProquest U.K. Parliamentary Papers
=CAT  \\$a3251$b40$c20181122$lBLL01$h1425
=FIN  \\$aY$d20181122
=FMT  \\$a  BK
=LAS  \\$a3251$b40$c20181122$lBLL01$h1425
=SRC  \\$aESTC

