=LDR  01607 am a2200337   4500
=001  019137112
=003  Uk
=005  20181122143904.0
=008  791208s1778\\\\enk\\\\\\\\\\o000\0\eng\c
=035  \\$a(Uk-ES)006345743
=040  \\$aUk-ES$cUk-ES$dCU-RivES$dCStRLIN$dCU-RivES$dUk-ES$edcrmb
=110  1\$aGreat Britain.$bParliament.
=240  10$aBills. 1778-02-19
=245  13$aAn act to enable the Lord Archbishop of Canterbury to enfranchise and grant a small parcel of glebe and waste land belonging to the manor of Lambeth, in the county of Surry; and also to enable the rector of the parish of Saint Mary, Lambeth, or his successors, to build a parsonage house on part of the said glebe and waste ground, and to grant building leases of other parts thereof, and for other purposes therein mentioned.
=260  \\$a[London] :$b[s.n.]$c[1778]
=300  \\$a11, [1] p. ;$c32 cm (2⁰)
=500  \\$aDocket title dated 1778.
=500  \\$aEnacted: Private Acts, 18 Geo.III.c.32.
=500  \\$aCaption title.
=500  \\$aSignatures: A-C².
=510  4\$aESTC,$cT74812
=530  \\$aAlso available on microfilm and in the U.K. Parliamentary Papers database which can be accessed by on-site users.
=655  \7$aBills.$2rbgenr
=752  \\$aGreat Britain$bEngland$dLondon.
=852  41$aBritish Library$bHMNTS$jB.S.Ref.2/53.(20)
=856  41$uhttps://parlipapers.proquest.com/parlipapers/docview/t70.d75.pb-003326?$yProquest U.K. Parliamentary Papers
=CAT  \\$a3251$b40$c20181122$lBLL01$h1439
=FIN  \\$aY$d20181122
=FMT  \\$a  BK
=LAS  \\$a3251$b40$c20181122$lBLL01$h1439
=SRC  \\$aESTC

