=LDR  01686 am a2200373   4500
=001  019137122
=003  Uk
=005  20181122144733.0
=008  791208s1778\\\\enk\\\\\\\\\\o000\0\eng\c
=035  \\$a(Uk-ES)006345745
=040  \\$aUk-ES$cUk-ES$dCU-RivES$dCStRLIN$dCU-RivES$dUk-ES$edcrmb
=110  1\$aGreat Britain.$bParliament.
=240  10$aBills. 1778-02-16
=245  13$aAn act for vesting the timber and wood growing upon the estates of Henry Perryn Browne, Esquire, in the county of York, in trustees, to sell the same, and apply the money arising therefrom for making a recompence to Sir Richard Perryn his father, for the charges and expences of making buildings and improvements upon the same estate, and for other purposes therein stated.
=260  \\$a[London] :$b[s.n.],$c[1778]
=300  \\$a12 p. ;$c32 cm (2⁰)
=500  \\$aDocket title dated 1778.
=500  \\$aEnacted: Private Acts, 18 Geo.III.c.34.
=500  \\$aCaption title.
=500  \\$aWoodcut ornaments; woodcut factotum.
=500  \\$aSignatures: A-C².
=510  4\$aESTC,$cT74814
=530  \\$aAlso available on microfilm and in the U.K. Parliamentary Papers database which can be accessed by on-site users.
=650  \0$aAdvowson$zEngland.
=655  \7$aBills.$2rbgenr
=752  \\$aGreat Britain$bEngland$dLondon.
=852  41$aBritish Library$bHMNTS$jB.S.Ref.2/53.(22)
=856  41$uhttps://parlipapers.proquest.com/parlipapers/docview/t70.d75.pb-003328?$yProquest U.K. Parliamentary Papers
=CAT  \\$a3251$b40$c20181122$lBLL01$h1446
=CAT  \\$a3251$b40$c20181122$lBLL01$h1447
=FIN  \\$aY$d20181122
=FMT  \\$a  BK
=LAS  \\$a3251$b40$c20181122$lBLL01$h1447
=SRC  \\$aESTC

