=LDR  01453 am a2200361   4500
=001  019137129
=003  Uk
=005  20181123095448.0
=008  791208s1778\\\\enk\\\\\\\\\\o000\0\eng\c
=035  \\$a(Uk-ES)006345723
=040  \\$aUk-ES$cUk-ES$dCStRLIN$dUk-ES$edcrmb
=110  1\$aGreat Britain.$bParliament.
=240  10$aBills. 1778-02-19
=245  13$aAn act for annexing a portion of the rectory, and of the rectory manor thereto belonging, of Huntspill, in the county of Somerset, to the office of Master of Baliol college, in Oxford.
=260  \\$a[London] :$b[s.n.],$c[1778]
=300  \\$a5, [1] p. ;$c33 cm (2⁰)
=500  \\$aDocket title dated 1778.
=500  \\$aEnacted: Private Acts, 18 Geo.III.c.35.
=500  \\$aCaption title.
=500  \\$aWoodcut ornaments; woodcut factotum.
=500  \\$aSignatures: A²(-A2) B².
=510  4\$aESTC,$cT74792
=530  \\$aAlso available on microfilm and in the U.K. Parliamentary Papers database which can be accessed by on-site users.
=655  \7$aBills.$2rbgenr
=752  \\$aGreat Britain$bEngland$dLondon.
=852  41$aBritish Library$bHMNTS$jB.S.Ref.2/53.(23)
=856  41$uhttps://parlipapers.proquest.com/parlipapers/docview/t70.d75.pb-003329?$yProquest U.K. Parliamentary Papers
=CAT  \\$a3251$b40$c20181122$lBLL01$h1452
=CAT  \\$a3251$b40$c20181123$lBLL01$h0954
=FIN  \\$aY$d20181122
=FMT  \\$a  BK
=LAS  \\$a3251$b40$c20181123$lBLL01$h0954
=SRC  \\$aESTC

