=LDR  01636 am a2200349   4500
=001  019137138
=003  Uk
=005  20181122150312.0
=008  791208s1778\\\\enk\\\\\\\\\\o000\0\eng\c
=035  \\$a(Uk-ES)006345746
=040  \\$aUk-ES$cUk-ES$dCU-RivES$dCStRLIN$dCU-RivES
=110  1\$aGreat Britain.$bParliament.
=240  10$aBills. 1778-02-02
=245  13$aAn act for establishing an agreement for discharging the manor of Laughton in the parish of Laughton, in the county of Leicester, and certain lands and hereditaments in the parish of Laughton, from the payment of tithes, or any modus or rate for tithe; and for vesting other lands and hereditaments in the rector of said parish, and his successors, as a compensation for the said tithes, and in lieu thereof.
=260  \\$a[London] :$b[s.n.],$c[1778]
=300  \\$a17, [1] p. ;$c32 cm (2⁰)
=500  \\$aDocket title dated 1778.
=500  \\$aEnacted: Private Acts. 18 Geo.III.c.36.
=500  \\$aCaption title.
=500  \\$aWoodcut ornaments; woodcut factotum.
=500  \\$aSignatures: A-D² [chi]1.
=510  4\$aESTC,$cT74815
=530  \\$aAlso available on microfilm and in the U.K. Parliamentary Papers database which can be accessed by on-site users.
=655  \7$aBills.$2rbgenr
=752  \\$aGreat Britain$bEngland$dLondon.
=852  41$aBritish Library$bHMNTS$jB.S.Ref.2/53.(24)
=856  41$uhttps://parlipapers.proquest.com/parlipapers/docview/t70.d75.pb-003330?$yProquest U.K. Parliamentary Papers
=CAT  \\$a3251$b40$c20181122$lBLL01$h1503
=FIN  \\$aY$d20181122
=FMT  \\$a  BK
=LAS  \\$a3251$b40$c20181122$lBLL01$h1503
=SRC  \\$aESTC

