=LDR  01807 am a2200421   4500
=001  019181938
=003  Uk
=005  20181214103712.0
=008  790922s1765\\\\enk\\\\\\\\\\o000\0\eng\c
=035  \\$a(Uk-ES)006336836
=040  \\$aUk-ES$cUk-ES$dCStRLIN$dUk-ES$edcrmb
=110  1\$aGreat Britain.$bParliament.
=240  10$aBills. 1765-01-23
=245  13$aAn act for dividing and inclosing the open commons, common fields, meadows, and grounds, lying in the hamlet of Donnington, in the parish of Stow on the Wold, in the county of Gloucester.
=260  \\$a[London} :$b[s.n.],$c[1765]
=300  \\$a10, [2] p. ;$c33 cm (2⁰)
=500  \\$aCaption title.
=500  \\$aDocket title dated 1765.
=500  \\$aEnacted: Private Acts, 5 Geo.III.c.6.
=500  \\$aWoodcut head-piece; woodcut factotum.
=500  \\$aSignatures: A-C².
=510  4\$aESTC,$cT65702
=530  \\$aAlso available on microfilm and in the U.K. Parliamentary Papers database which can be accessed by on-site users.
=650  \0$aCommons$zEngland$zGloucestershire$vEarly works to 1800.
=650  \0$aInclosures$zEngland$zGloucestershire$vEarly works to 1800.
=655  \7$aBills.$2rbgenr
=700  0\$aGeorge$bIII,$cKing of Great Britain,$d1738-1820,$eformer owner.$5Uk
=700  0\$aGeorge$bIV,$cKing of Great Britain,$d1762-1830,$edonor.$5Uk
=752  \\$aGreat Britain$bEngland$dLondon.
=852  41$aBritish Library$bHMNTS$j213.i.4.(2)
=852  41$aBritish Library$bHMNTS$jB.S.Ref.2/27.(4)
=856  41$uhttps://parlipapers.proquest.com/parlipapers/docview/t70.d75.pb-001960?$yProquest U.K. Parliamentary Papers
=CAT  \\$a3251$b40$c20181214$lBLL01$h1030
=CAT  \\$a3251$b40$c20181214$lBLL01$h1037
=FIN  \\$aY$d20181214
=FMT  \\$a  BK
=LAS  \\$a3251$b40$c20181214$lBLL01$h1037
=SRC  \\$aESTC

