=LDR  02159 am a2200433   4500
=001  019181995
=003  Uk
=005  20181214115558.0
=008  790922s1765\\\\enk\\\\\\\\\\o000\0\eng\c
=035  \\$a(Uk-ES)006336845
=040  \\$aUk-ES$cUk-ES$dCStRLIN$dUk-ES$edcrmb
=110  1\$aGreat Britain.$bParliament.
=240  10$aBills. 1765-02-01
=245  13$aAn act for dividing and inclosing the common fields, common meadows, common pastures, common grounds, and waste grounds, of and in the manor of Wellingborough, and of and in the manor of Wellingborough, formerly belonging to the College of Irtlingborough, and in the parish of Wellingborough, in the county of Northampton.
=260  \\$a[London] :$b[s.n.],$c[1765]
=300  \\$a17, [1] p. ;$c33 cm (2⁰)
=500  \\$aCaption title.
=500  \\$aWith a docket title.
=500  \\$aEnacted: Private Acts, 5 Geo.III.c.28.
=500  \\$aWoodcut head-piece; woodcut factotum.
=500  \\$aLeaf D1 is in two states. State 1 has blank lines filled in with broken rules and catchword "Sum". State 2 does not have the blank lines and the catchword is "of"".
=500  \\$aSignatures: A-D² [chi]1.
=510  4\$aESTC,$cT65711
=530  \\$aAlso available on microfilm and in the U.K. Parliamentary Papers database which can be accessed by on-site users.
=650  \0$aCommons$zEngland$zNorthamptonshire$vEarly works to 1800.
=650  \0$aInclosures$zEngland$zNorthamptonshire$vEarly works to 1800.
=650  \0$aWaste lands$zEngland$zNorthamptonshire$vEarly works to 1800.
=655  \7$aBills.$2rbgenr
=700  0\$aGeorge$bIII,$cKing of Great Britain,$d1738-1820,$eformer owner.$5Uk
=700  0\$aGeorge$bIV,$cKing of Great Britain,$d1762-1830,$edonor.$5Uk
=752  \\$aGreat Britain$bEngland$dLondon.
=852  41$aBritish Library$bHMNTS$j213.i.4.(3)
=852  41$aBritish Library$bHMNTS$jB.S.Ref.2/27.(16)
=856  41$uhttps://parlipapers.proquest.com/parlipapers/docview/t70.d75.pb-001972?$yProquest U.K. Parliamentary Papers
=CAT  \\$a3251$b40$c20181214$lBLL01$h1155
=FIN  \\$aY$d20181214
=FMT  \\$a  BK
=LAS  \\$a3251$b40$c20181214$lBLL01$h1155
=SRC  \\$aESTC

