=LDR  01868 am a2200421   4500
=001  019182018
=003  Uk
=005  20190321114952.0
=008  790922s1765\\\\enk\\\\\\\\\\o000\0\eng\c
=035  \\$a(Uk-ES)006336842
=040  \\$aUk-ES$cUk-ES$dCStRLIN$dUK-ES$edcrmb
=110  1\$aGreat Britain.$bParliament.
=240  10$aBills. 1765-01-29
=245  13$aAn act for dividing and inclosing the open and common fields, common meadows, common pastures, common grounds, and commonable lands, lying within the townships and hamlets of Horley and Hornton, in the parish of Horley aforesaid, in the county of Oxford.
=260  \\$a[London] :$b[s.n.],$c[1765]
=300  \\$a27, [1] p. ;$c33 cm (2⁰)
=500  \\$aCaption title.
=500  \\$aDocket title dated 1765.
=500  \\$aEnacted: Private Acts, 5 Geo.III.c.25.
=500  \\$aWoodcut head-piece; woodcut factotum.
=500  \\$aSignatures: A-G².
=510  4\$aESTC,$cT65708
=530  \\$aAlso available on microfilm and in the U.K. Parliamentary Papers database which can be accessed by on-site users.
=650  \0$aCommons$zEngland$zOxfordshire$vEarly works to 1800.
=650  \0$aInclosures$zEngland$zOxfordshire$vEarly works to 1800.
=655  \7$aBills.$2rbgenr
=700  0\$aGeorge$bIII,$cKing of Great Britain,$d1738-1820,$eformer owner.$5Uk
=700  0\$aGeorge$bIV,$cKing of Great Britain,$d1762-1830,$edonor.$5Uk
=752  \\$aGreat Britain$bEngland$dLondon.
=852  41$aBritish Library$bHMNTS$j213.i.4.(4)
=852  41$aBritish Library$bHMNTS$jB.S.Ref.2/27.(13)
=856  41$uhttps://parlipapers.proquest.com/parlipapers/docview/t70.d75.pb-001969?$yProquest U.K. Parliamentary Papers
=CAT  \\$a3251$b40$c20181214$lBLL01$h1213
=CAT  \\$a3251$b40$c20190321$lBLL01$h1149
=FIN  \\$aY$d20181214
=FMT  \\$a  BK
=LAS  \\$a3251$b40$c20190321$lBLL01$h1149
=SRC  \\$aESTC

