=LDR  01676 am a2200397   4500
=001  019200997
=003  Uk
=005  20190108153033.0
=008  790922s1765\\\\enk\\\\\\\\\\o000\0\eng\c
=035  \\$a(Uk-ES)006336841
=040  \\$aUk-ES$cUk-ES$dCStRLIN$dUk-ES$edcrmb
=110  1\$aGreat Britain.$bParliament.
=240  10$aBills. 1765-01-29
=245  13$aAn act for dividing and allotting the commons or wastes, and the common fields and ings, in the manor and township of Everingham, in the county of York, and for other purposes therein mentioned.
=260  \\$a[London] :$b[s.n.],$c[1765]
=300  \\$a8 p. ;$c33 cm (2⁰)
=500  \\$aCaption title.
=500  \\$aWith a docket title.
=500  \\$aEnacted: Private Acts, 5 Geo.III.c.24.
=500  \\$aWoodcut ornaments; woodcut factotum.
=500  \\$aSignatures: A-B².
=510  4\$aESTC,$cT65707
=530  \\$aAlso available on microfilm and in the U.K. Parliamentary Papers database which can be accessed by on-site users.
=650  \0$aCommons$zEngland$zYorkshire$vEarly works to 1800.
=655  \7$aBills.$2rbgenr
=700  0\$aGeorge$bIII,$cKing of Great Britain,$d1738-1820,$eformer owner.$5Uk
=700  0\$aGeorge$bIV,$cKing of Great Britain,$d1762-1830,$edonor.$5Uk
=752  \\$aGreat Britain$bEngland$dLondon.
=852  41$aBritish Library$bHMNTS$jB.S.Ref.2/27.(12)
=852  41$aBritish Library$bHMNTS$j213.i.4.(5)
=856  41$uhttps://parlipapers.proquest.com/parlipapers/docview/t70.d75.pb-001968?$yProquest U.K. Parliamentary Papers
=CAT  \\$a3251$b40$c20190108$lBLL01$h1530
=FIN  \\$aY$d20190108
=FMT  \\$a  BK
=LAS  \\$a3251$b40$c20190108$lBLL01$h1530
=SRC  \\$aESTC

