=LDR  01874 am a2200433   4500
=001  019204345
=003  Uk
=005  20190109100729.0
=008  790922s1765\\\\enk\\\\\\\\\\o000\0\eng\c
=035  \\$a(Uk-ES)006336862
=040  \\$aUk-ES$cUk-ES$dCStRLIN$dUk-ES$edcrmb
=110  1\$aGreat Britain.$bParliament.
=240  10$aBills. 1765-02-22
=245  13$aAn act for vesting an estate called Woodlands, in the county of Wilts, belonging to the master, fellows, and scholars of the college called Clare Hall, in the University of Cambridge, in William Earl of Shelburne, and his heirs.
=260  \\$a[London] :$b[s.n.],$c[1765]
=300  \\$a5, [1] p. ;$c33 cm (2⁰)
=500  \\$aCaption title.
=500  \\$aWith a docket title.
=500  \\$aEnacted: Private Acts, 5 Geo.III.c.48.
=500  \\$aA variant has the docket title dated 1765.
=500  \\$aWoodcut ornaments; woodcut factotum.
=500  \\$aSignatures: A² [chi]1.
=510  4\$aESTC,$cT65728
=530  \\$aAlso available on microfilm and in the U.K. Parliamentary Papers database which can be accessed by on-site users.
=650  \0$aEstates (Law)$vEarly works to 1800.
=650  \0$aReal property$vEarly works to 1800.
=655  \7$aBills.$2rbgenr
=700  0\$aGeorge$bIII,$cKing of Great Britain,$d1738-1820,$eformer owner.$5Uk
=700  0\$aGeorge$bIV,$cKing of Great Britain,$d1762-1830,$edonor.$5Uk
=752  \\$aGreat Britain$bEngland$dLondon.
=852  41$aBritish Library$bHMNTS$jB.S.302/65.(48)
=852  41$aBritish Library$bHMNTS$j213.i.4.(84)
=852  41$aBritish Library$bHMNTS$jB.S.Ref.2/27.(36)
=856  41$uhttps://parlipapers.proquest.com/parlipapers/docview/t70.d75.pb-001992?$yProquest U.K. Parliamentary Papers
=CAT  \\$a3251$b40$c20190109$lBLL01$h1007
=FIN  \\$aY$d20190109
=FMT  \\$a  BK
=LAS  \\$a3251$b40$c20190109$lBLL01$h1007
=SRC  \\$aESTC

