=LDR  01817 am a2200421   4500
=001  019205311
=003  Uk
=005  20190110105059.0
=008  790922s1765\\\\enk\\\\\\\\\\o000\0\eng\c
=035  \\$a(Uk-ES)006336804
=040  \\$aUk-ES$cUk-ES$dCStRLIN$dUk-ES$edcrmb
=110  1\$aGreat Britain.$bParliament.
=240  10$aBills. 1765-02-28
=245  13$aAn act for dividing and inclosing a certain common, moor, or tract of waste land, within the barony or manor of Bulbeck, in the county of Northumberland.
=260  \\$a[London] :$b[s.n.],$c[1765]
=300  \\$a27, [1] p. ;$c33 cm (2⁰)
=500  \\$aCaption title.
=500  \\$aDocket title dated 5th Geo.III.1765.
=500  \\$aEnacted: Private Acts, 5 Geo.III.c.77.
=500  \\$aWoodcut head-piece; woodcut factotum.
=500  \\$aSignatures: A-G².
=510  4\$aESTC,$cT65670
=530  \\$aAlso available on microfilm and in the U.K. Parliamentary Papers database which can be accessed by on-site users.
=650  \0$aCommons$zEngland$zNorthumberland$vEarly works to 1800.
=650  \0$aInclosures$zEngland$zNorthumberland$vEarly works to 1800.
=650  \0$aMoors (Wetlands)$zEngland$zNorthumberland$vEarly works to 1800.
=655  \7$aBills.$2rbgenr
=700  0\$aGeorge$bIII,$cKing of Great Britain,$d1738-1820,$eformer owner.$5Uk
=700  0\$aGeorge$bIV,$cKing of Great Britain,$d1762-1830,$edonor.$5Uk
=752  \\$aGreat Britain$bEngland$dLondon.
=852  41$aBritish Library$bHMNTS$jB.S.Ref.2/28.(9)
=852  41$aBritish Library$bHMNTS$j213.i.4.(10)
=856  41$uhttps://parlipapers.proquest.com/parlipapers/docview/t70.d75.pb-001916?$yProquest U.K. Parliamentary Papers
=CAT  \\$a3251$b40$c20190110$lBLL01$h1050
=FIN  \\$aY$d20190110
=FMT  \\$a  BK
=LAS  \\$a3251$b40$c20190110$lBLL01$h1050
=SRC  \\$aESTC

