=LDR  01869 am a2200433   4500
=001  019205388
=003  Uk
=005  20190110142731.0
=008  790922s1765\\\\enk\\\\\\\\\\o000\0\eng\c
=035  \\$a(Uk-ES)006336858
=040  \\$aUk-ES$cUk-ES$dCStRLIN$dUk-ES$edcrmb
=110  1\$aGreat Britain.$bParliament.
=240  10$aBills. 1765-03-01
=245  13$aAn act for dividing and inclosing the common fields, common pastures, common meadows, common grounds, and waste grounds, of and in the parish and liberties of Spratton, in the county of Northampton.
=260  \\$a[London] :$b[s.n.],$c[1765]
=300  \\$a24, [2] p. ;$c33 cm (2⁰)
=500  \\$aCaption title.
=500  \\$aDocket title dated 1765.
=500  \\$aEnacted: Private Acts, 5 Geo.III.c.43.
=500  \\$aWoodcut head-piece; woodcut factotum.
=500  \\$aSignatures: A-F² [chi]1.
=500  \\$aLeaf F2 is signed "F".
=510  4\$aESTC,$cT65724
=530  \\$aAlso available on microfilm and in the U.K. Parliamentary Papers database which can be accessed by on-site users.
=650  \0$aCommons$zEngland$zNorthamptonshire$vEarly works to 1800.
=650  \0$aInclosures$zEngland$zNorthamptonshire$vEarly works to 1800.
=655  \7$aBills.$2rbgenr
=700  0\$aGeorge$bIII,$cKing of Great Britain,$d1738-1820,$eformer owner.$5Uk
=700  0\$aGeorge$bIV,$cKing of Great Britain,$d1762-1830,$edonor.$5Uk
=752  \\$aGreat Britain$bEngland$dLondon.
=852  41$aBritish Library$bHMNTS$jB.S.Ref.2/27.(31)
=852  41$aBritish Library$bHMNTS$j213.i.4.(11)
=856  41$uhttps://parlipapers.proquest.com/parlipapers/docview/t70.d75.pb-001987?$yProquest U.K. Parliamentary Papers
=CAT  \\$a3251$b40$c20190110$lBLL01$h1236
=CAT  \\$a3251$b40$c20190110$lBLL01$h1427
=FIN  \\$aY$d20190110
=FMT  \\$a  BK
=LAS  \\$a3251$b40$c20190110$lBLL01$h1427
=SRC  \\$aESTC

