=LDR  01603 am a2200385   4500
=001  019208872
=003  Uk
=005  20190115103342.0
=008  790922s1765\\\\enk\\\\\\\\\\o000\0\eng\c
=035  \\$a(Uk-ES)006336811
=040  \\$aUk-ES$cUk-ES$dCStRLIN$dUk-ES$edcrmb
=110  1\$aGreat Britain.$bParliament.
=240  10$aBills. 1765-03-12
=245  12$aA bill for dividing and inclosing two moors or commons within the barony and manor of Warke and parish of Symondburn, in the county of Northumberland.
=260  \\$a[London] :$b[s.n.],$c[1765]
=300  \\$a17, [1] p. ;$c32 cm (2⁰)
=500  \\$aCaption title.
=500  \\$aDocket title dated 1765.
=500  \\$aEnacted: Private Acts, 5 Geo.III.c.69.
=500  \\$aWoodcut head-piece; woodcut factotum.
=500  \\$aSignatures: A-C² D²(-D2) E².
=510  4\$aESTC,$cT65677
=530  \\$aAlso available on microfilm and in the U.K. Parliamentary Papers database which can be accessed by on-site users.
=650  \0$aCommons$zEngland$zNorthumberland$vEarly works to 1800.
=650  \0$aInclosures$zEngland$zNorthumberland$vEarly works to 1800.
=650  \0$aMoors (Wetlands)$zEngland$zNorthumberland$vEarly works to 1800.
=655  \7$aBills.$2rbgenr
=752  \\$aGreat Britain$bEngland$dLondon.
=852  41$aBritish Library$bHMNTS$jB.S.Ref.2/27.(53)
=856  41$uhttps://parlipapers.proquest.com/parlipapers/docview/t70.d75.pb-002009?$yProquest U.K. Parliamentary Papers
=CAT  \\$a3251$b40$c20190115$lBLL01$h1033
=FIN  \\$aY$d20190115
=FMT  \\$a  BK
=LAS  \\$a3251$b40$c20190115$lBLL01$h1033
=SRC  \\$aESTC

