=LDR  01684 am a2200409   4500
=001  019213427
=003  Uk
=005  20190116101823.0
=008  790922s1765\\\\enk\\\\\\\\\\o000\0\eng\c
=035  \\$a(Uk-ES)006337742
=040  \\$aUk-ES$cUk-ES$dCStRLIN$dUk-ES$edcrmb
=110  1\$aGreat Britain.$bParliament.
=240  10$aBills. 1765-01-21
=245  13$aAn act for annexing the rectory of Colerne, in the county of Wilts, to the office of warden of the College of Saint Mary of Winchester in Oxford.
=260  \\$a[London] :$b[s.n.],$c[1765]
=300  \\$a3, [1] p. ;$c33 cm (2⁰)
=500  \\$aCaption title.
=500  \\$aEnacted: Private Acts, 5 Geo.III.c.11.
=500  \\$aFifth line of title ends: Warden.
=500  \\$aWith a docket title dated 1765.
=500  \\$aWoodcut ornaments; woodcut factotum.
=500  \\$aSignatures: [A]².
=510  4\$aESTC$cT66628
=530  \\$aAlso available on microfilm and in the U.K. Parliamentary Papers database which can be accessed by on-site users.
=650  \0$aParsonages$zEngland$vEarly works to 1800.
=655  \7$aBills.$2rbgenr
=700  0\$aGeorge$bIII,$cKing of Great Britain,$d1738-1820,$eformer owner.$5Uk
=700  0\$aGeorge$bIV,$cKing of Great Britain,$d1762-1830,$edonor.$5Uk
=752  \\$aGreat Britain$bEngland$dLondon.
=852  41$aBritish Library$bHMNTS$j213.i.4.(82)
=852  41$aBritish Library$bHMNTS$jB.S.Ref.2/27.(9)
=856  41$uhttps://parlipapers.proquest.com/parlipapers/docview/t70.d75.pb-001965?$yProquest U.K. Parliamentary Papers
=CAT  \\$a3251$b40$c20190116$lBLL01$h1018
=FIN  \\$aY$d20190116
=FMT  \\$a  BK
=LAS  \\$a3251$b40$c20190116$lBLL01$h1018
=SRC  \\$aESTC

