=LDR  01795 am a2200409   4500
=001  019213454
=003  Uk
=005  20190116110122.0
=008  790922s1765\\\\enk\\\\\\\\\\o000\0\eng\c
=035  \\$a(Uk-ES)006336865
=040  \\$aUk-ES$cUk-ES$dCStRLIN$dUk-ES$edcrmb
=110  1\$aGreat Britain.$bParliament.
=240  10$aBills. 1765-02-21
=245  13$aAn act for the sale of certain lands in the county of Kent, settled upon the rector of the parish of St. George, Bloomsbury, in the county of Middlesex, and for applying the money arising thereby in manner therein mentioned, for the benefit of the said rector.
=260  \\$a[London] :$b[s.n.],$c[1765]
=300  \\$a7, [1] p. ;$c33 cm (2⁰)
=500  \\$aCaption title.
=500  \\$aWith a docket title.
=500  \\$aEnacted: Private Acts, 5 Geo.III.c.51.
=500  \\$aWoodcut head-piece; woodcut factotum.
=500  \\$aSignatures: A-B².
=510  4\$aESTC,$cT65731
=530  \\$aAlso available on microfilm and in the U.K. Parliamentary Papers database which can be accessed by on-site users.
=650  \0$aEstate sales$zEngland$vEarly works to 1800.
=650  \0$aReal property$vEarly works to 1800.
=655  \7$aBills.$2rbgenr
=700  0\$aGeorge$bIII,$cKing of Great Britain,$d1738-1820,$eformer owner.$5Uk
=700  0\$aGeorge$bIV,$cKing of Great Britain,$d1762-1830,$edonor.$5Uk
=752  \\$aGreat Britain$bEngland$dLondon.
=852  41$aBritish Library$bHMNTS$jB.S.Ref.2/27.(39)
=852  41$aBritish Library$bHMNTS$j213.i.4.(83)
=856  41$uhttps://parlipapers.proquest.com/parlipapers/docview/t70.d75.pb-001995?$yProquest U.K. Parliamentary Papers
=CAT  \\$a3251$b40$c20190116$lBLL01$h1101
=FIN  \\$aY$d20190116
=FMT  \\$a  BK
=LAS  \\$a3251$b40$c20190116$lBLL01$h1101
=SRC  \\$aESTC

