=LDR  02011 am a2200433   4500
=001  019219797
=003  Uk
=005  20190122124736.0
=008  790922s1765\\\\enk\\\\\\\\\\o000\0\eng\c
=035  \\$a(Uk-ES)006336857
=040  \\$aUk-ES$cUk-ES$dCStRLIN$dUk-ES$edcrmb
=110  1\$aGreat Britain.$bParliament.
=240  10$aBills. 1765-02-22
=245  13$aAn act for dividing and inclosing the common called Scarning Common, and the greens called Pound Green, Pope's Green, and Bett's Green, lying within the several manors of Scarning Hall, Drayton Hall, and Northen Hall, Scarning Parva, Gunton's and Rougholme on the part of Hoe, or some or one of them, and in the parish of Scarning, in the county of Norfolk.
=264  \1$a[London] :$b[s.n.],$c[1765]
=300  \\$a14, [2] p. ;$c33 cm (2⁰)
=500  \\$aCaption title.
=500  \\$aDocket title dated 1765.
=500  \\$aEnacted: Private Acts, 5 Geo.III.c.42.
=500  \\$aWoodcut ornaments; woodcut factotum.
=500  \\$aSignatures: A-D².
=510  4\$aESTC,$cT65723
=530  \\$aAlso available on microfilm and in the U.K. Parliamentary Papers database which can be accessed by on-site users.
=650  \0$aCommons$zEngland$zNorfolk$vEarly works to 1800.
=650  \0$aInclosures$zEngland$zNorfolk$vEarly works to 1800.
=655  \7$aBills.$2rbgenr
=700  0\$aGeorge$bIII,$cKing of Great Britain,$d1738-1820,$eformer owner.$5Uk
=700  0\$aGeorge$bIV,$cKing of Great Britain,$d1762-1830,$edonor.$5Uk
=752  \\$aGreat Britain$bEngland$dLondon.
=852  41$aBritish Library$bHMNTS$j213.i.4.(23)
=852  41$aBritish Library$bHMNTS$jB.S.Ref.2/27.(30)
=856  41$uhttps://parlipapers.proquest.com/parlipapers/docview/t70.d75.pb-001986?$yProquest U.K. Parliamentary Papers
=CAT  \\$a3251$b40$c20190122$lBLL01$h1112
=CAT  \\$a3251$b40$c20190122$lBLL01$h1117
=CAT  \\$a3251$b40$c20190122$lBLL01$h1247
=FIN  \\$aY$d20190122
=FMT  \\$a  BK
=LAS  \\$a3251$b40$c20190122$lBLL01$h1247
=SRC  \\$aESTC

