=LDR  01545 am a2200385   4500
=001  019222770
=003  Uk
=005  20190321124823.0
=008  790922s1765\\\\enk\\\\\\\\\\o000\0\eng\c
=035  \\$a(Uk-ES)006336815
=040  \\$aUk-ES$cUk-ES$dCStRLIN$dUk-ES$edcrmb
=110  1\$aGreat Britain.$bParliament.
=240  10$aBills. 1765-03-07
=245  13$aAn act for dividing and inclosing several open fields, meadows and commons, within the lordship or liberty of Wilford, in the county of Nottingham.
=264  \1$a[London] :$b[s.n.],$c[1765]
=300  \\$a20 p. ;$c32 (2⁰)
=500  \\$aCaption title.
=500  \\$aWith a docket title.
=500  \\$aEnacted: Private Acts, 5 Geo.III.c.67.
=500  \\$aWoodcut head-piece; woodcut factotum.
=500  \\$aSignatures: A-E².
=510  4\$aESTC,$cT65681
=530  \\$aAlso available on microfilm and in the U.K. Parliamentary Papers database which can be accessed by on-site users.
=650  \0$aCommons$zEngland$zNottinghamshire$vEarly works to 1800.
=650  \0$aInclosures$zEngland$zNottinghamshire$vEarly works to 1800.
=655  \7$aBills.$2rbgenr
=752  \\$aGreat Britain$bEngland$dLondon.
=852  41$aBritish Library$bHMNTS$jB.S.Ref.2/27.(51)
=856  41$uhttps://parlipapers.proquest.com/parlipapers/docview/t70.d75.pb-002007?$yProquest U.K. Parliamentary Papers
=CAT  \\$a3251$b40$c20190123$lBLL01$h0942
=CAT  \\$a3251$b40$c20190321$lBLL01$h1248
=FIN  \\$aY$d20190123
=FMT  \\$a  BK
=LAS  \\$a3251$b40$c20190321$lBLL01$h1248
=SRC  \\$aESTC

