=LDR  01767 am a2200409   4500
=001  019222785
=003  Uk
=005  20190123100421.0
=008  790922s1765\\\\enk\\\\\\\\\\o000\0\eng\c
=035  \\$a(Uk-ES)006337744
=040  \\$aUk-ES$cUk-ES$dCStRLIN$dUk-ES$edcrmb
=110  1\$aGreat Britain.$bParliament.
=240  10$aBills. 1765-02-16
=245  13$aAn act for dividing and inclosing the common fields, and common pasture, common meadow, common grounds and waste grounds in the manor and lordship of Carlton upon Trent, in the county of Nottingham.
=264  \1$a[London] :$b[s.n.],$c[1765]
=300  \\$a15, [1] p. ;$c33 cm (2⁰)
=500  \\$aCaption title.
=500  \\$aWith a docket title.
=500  \\$aEnacted: Private Acts, 5 Geo.III.c.72.
=500  \\$aWoodcut ornaments; woodcut factotum.
=500  \\$aSignatures: A-D².
=510  4\$aESTC,$cT66630
=530  \\$aAlso available on microfilm and in the U.K. Parliamentary Papers database which can be accessed by on-site users.
=650  \0$aCommons$zEngland$zNottinghamshire$vEarly works to 1800.
=650  \0$aInclosures$zEngland$zNottinghamshire$vEarly works to 1800.
=655  \7$aBills.$2rbgenr
=700  0\$aGeorge$bIII,$cKing of Great Britain,$d1738-1820,$eformer owner.$5Uk
=700  0\$aGeorge$bIV,$cKing of Great Britain,$d1762-1830,$edonor.$5Uk
=752  \\$aGreat Britain$bEngland$dLondon.
=852  41$aBritish Library$bHMNTS$jB.S.Ref.2/28.(4)
=852  41$aBritish Library$bHMNTS$j213.i.4.(27)
=856  41$uhttps://parlipapers.proquest.com/parlipapers/docview/t70.d75.pb-001911?$yProquest U.K. Parliamentary Papers
=CAT  \\$a3251$b40$c20190123$lBLL01$h1004
=FIN  \\$aY$d20190123
=FMT  \\$a  BK
=LAS  \\$a3251$b40$c20190123$lBLL01$h1004
=SRC  \\$aESTC

