=LDR  02065 am a2200409   4500
=001  019222948
=003  Uk
=005  20190123131056.0
=008  790922s1765\\\\enk\\\\\\\\\\o000\0\eng\c
=035  \\$a(Uk-ES)006336868
=040  \\$aUk-ES$cUk-ES$dCStRLIN$dUk-ES$edcrmb
=110  1\$aGreat Britain.$bParliament.
=240  10$aBills. 1765-03-11
=245  13$aAn act for vesting certain undivided parts or shares belonging to the Honourable John Saint John an infant, and Edward Dering also an infant, of and in several messuages, lands, and hereditatments in the Isle of Thanet, in the county of Kent in trustees to be sold; and for laying our money arising by sale thereof in the purchase of other lands to be conveyed to the use of the said John Saint John and Edward Dering respectively, and their respetive heirs; and for other purposes therein mentioned.
=264  \1$a[London] :$b[s.n.],$c[1765]
=300  \\$a25, [1] p. ;$c33 cm (2⁰)
=500  \\$aCaption title.
=500  \\$aDocket title dated 1765.
=500  \\$aEnacted: Private Acts, 5 Geo.III.c.88.
=500  \\$aWoodcut ornaments; woodcut factotum.
=500  \\$aSignatures: A-E² F²(-F2) G².
=510  4\$aESTC,$cT65734
=530  \\$aAlso available on microfilm and in the U.K. Parliamentary Papers database which can be accessed by on-site users.
=650  \0$aEstate sales$zEngland$vEarly works to 1800.
=650  \0$aInheritance and succession$vEarly works to 1800.
=655  \7$aBills.$2rbgenr
=700  0\$aGeorge$bIII,$cKing of Great Britain,$d1738-1820,$eformer owner.$5Uk
=700  0\$aGeorge$bIV,$cKing of Great Britain,$d1762-1830,$edonor.$5Uk
=752  \\$aGreat Britain$bEngland$dLondon.
=852  41$aBritish Library$bHMNTS$jB.S.Ref.2/28.(20)
=852  41$aBritish Library$bHMNTS$j213.i.4.(86)
=856  41$uhttps://parlipapers.proquest.com/parlipapers/docview/t70.d75.pb-001927?$yProquest U.K. Parliamentary Papers
=CAT  \\$a3251$b40$c20190123$lBLL01$h1310
=FIN  \\$aY$d20190123
=FMT  \\$a  BK
=LAS  \\$a3251$b40$c20190123$lBLL01$h1310
=SRC  \\$aESTC

