=LDR  02340 am a2200421   4500
=001  019223893
=003  Uk
=005  20190124152652.0
=008  790922s1765\\\\enk\\\\\\\\\\o000\0\eng\c
=035  \\$a(Uk-ES)006336876
=040  \\$aUk-ES$cUk-ES$dCStRLIN$dUk-ES$edcrmb
=110  1\$aGreat Britain.$bParliament.
=240  10$aBills. 1765-03-08
=245  13$aAn act for sale of the copyhold estates late of Doctor Robert Taylor, deceased, and for laying out the money arising thereby in the purchase of other lands and hereditaments to be settled in lieu thereof, and for other the purposes therein mentioned.
=264  \1$a[London] :$b[s.n.],$c[1765]
=300  \\$a22, [2] p. ;$c33 cm (2⁰)
=500  \\$aDocket title dated 1765.
=500  \\$aEnacted: Private Acts, 5 Geo.III.c.96.
=500  \\$aWoodcut ornaments; woodcut factotum.
=500  \\$aHead-piece on p.1 consists of eleven ornaments between two ornamental rows. Page 16 has pagination in square brackets and blank spaces within the third paragraph. The last line of text on p. 22 reads: "case this act had not been made.". A variant has head-piece on p.1 which consists of eleven ornaments between four ornamental rows. Page 16 has pagination in round brackets and there are no blank spaces in the third paragraph. The last line of text on p. 22 reads: "in case this act had not been made."
=500  \\$aSignatures: A-F².
=510  4\$aESTC,$cT65742
=530  \\$aAlso available on microfilm and in the U.K. Parliamentary Papers database which can be accessed by on-site users.
=650  \0$aEstate sales$zEngland$vEarly works to 1800.
=650  \0$aInheritance and succession$vEarly works to 1800.
=655  \7$aBills.$2rbgenr
=700  0\$aGeorge$bIII,$cKing of Great Britain,$d1738-1820,$eformer owner.$5Uk
=700  0\$aGeorge$bIV,$cKing of Great Britain,$d1762-1830,$edonor.$5Uk
=752  \\$aGreat Britain$bEngland$dLondon.
=852  41$aBritish Library$bHMNTS$j213.i.4.(85)
=852  41$aBritish Library$bHMNTS$jB.S.Ref.2/28.(28)
=856  41$uhttps://parlipapers.proquest.com/parlipapers/docview/t70.d75.pb-001935?$yProquest U.K. Parliamentary Papers
=CAT  \\$a3251$b40$c20190124$lBLL01$h1523
=CAT  \\$a3251$b40$c20190124$lBLL01$h1526
=FIN  \\$aY$d20190124
=FMT  \\$a  BK
=LAS  \\$a3251$b40$c20190124$lBLL01$h1526
=SRC  \\$aESTC

