=LDR  01710 am a2200397   4500
=001  019224261
=003  Uk
=005  20200218102423.0
=008  790922s1765\\\\enk\\\\\\\\\\o000\0\eng\c
=035  \\$a(Uk-ES)006336805
=040  \\$aUk-ES$cUk-ES$dCU-RivES$dCStRLIN$dUk-ES$edcrmb
=110  1\$aGreat Britain.$bParliament.
=240  10$aPrivate Acts. 1765. 5 Geo.III c.64
=245  10$aAnno quinto Georgii III. Regis. An act for dividing and inclosing certain moors or commons, in the parish of Wolsingham, in the county palatine of Durham.
=264  \1$a[London] :$b[s.n.],$c[1765]
=300  \\$a27, [1] p. ;$c33 cm (2⁰)
=500  \\$aCaption title.
=500  \\$aDocket title headed: 5 Geo.III.1765.
=500  \\$aEnacted: Private Acts, 5 Geo.III.c.64.
=500  \\$aWoodcut factotum; woodcut tail-piece.
=500  \\$aSignatures: A-G².
=510  4\$aESTC,$cT65671
=530  \\$aAlso available on microfilm and in the U.K. Parliamentary Papers database which can be accessed by on-site users.
=650  \0$aCommons$zEngland$zDurham (County)$vEarly works to 1800.
=700  0\$aGeorge$bIII,$cKing of Great Britain,$d1738-1820,$eformer owner.$5Uk
=700  0\$aGeorge$bIV,$cKing of Great Britain,$d1762-1830,$edonor.$5Uk
=752  \\$aGreat Britain$bEngland$dLondon.
=852  41$aBritish Library$bHMNTS$j213.i.4.(29)
=852  41$aBritish Library$bHMNTS$jB.S.Ref.2/27.(48)
=856  41$uhttps://parlipapers.proquest.com/parlipapers/docview/t70.d75.pb-002004?$yProquest U.K. Parliamentary Papers
=CAT  \\$a3251$b40$c20190125$lBLL01$h1108
=CAT  \\$a3251$b40$c20200218$lBLL01$h1024
=FIN  \\$aY$d20190125
=FMT  \\$a  BK
=LAS  \\$a3251$b40$c20200218$lBLL01$h1024
=SRC  \\$aESTC

