=LDR  01738 am a2200409   4500
=001  019228952
=003  Uk
=005  20190130152637.0
=008  790922s1765\\\\enk\\\\\\\\\\o000\0\eng\c
=035  \\$a(Uk-ES)006336885
=040  \\$aUk-ES$cUk-ES$dCStRLIN$dUk-ES$edcrmb
=110  1\$aGreat Britain.$bParliament.
=240  10$aBills. 1765-02-14
=245  13$aAn act for dividing and inclosing the common fields, meadows, pastures, and waste grounds, in the manor of Long Eaton, in the parish of Sawley, in the county of Derby.
=264  \1$a[London] :$b[s.n.],$c[1765]
=300  \\$a18 p. ;$c33 cm (2⁰)
=500  \\$aCaption title.
=500  \\$aDocket title dated 1765.
=500  \\$aEnacted: Private Acts, 5 Geo.III.c.8.
=500  \\$aWoodcut head-piece; woodcut factotum.
=500  \\$aSignatures: A-C² D²(-D2) E².
=510  4\$aESTC,$cT65751
=530  \\$aAlso available on microfilm and in the U.K. Parliamentary Papers database which can be accessed by on-site users.
=650  \0$aCommons$zEngland$zDerbyshire$vEarly works to 1800.
=650  \0$aInclosures$zEngland$zDerbyshire$vEarly works to 1800.
=655  \7$aBills.$2rbgenr
=700  0\$aGeorge$bIII,$cKing of Great Britain,$d1738-1820,$eformer owner.$5Uk
=700  0\$aGeorge$bIV,$cKing of Great Britain,$d1762-1830,$edonor.$5Uk
=752  \\$aGreat Britain$bEngland$dLondon.
=852  41$aBritish Library$bHMNTS$j213.i.4.(35)
=852  41$aBritish Library$bHMNTS$jB.S.Ref.2/27.(6)
=856  41$uhttps://parlipapers.proquest.com/parlipapers/docview/t70.d75.pb-001962?$yProquest U.K. Parliamentary Papers
=CAT  \\$a3251$b40$c20190130$lBLL01$h1526
=FIN  \\$aY$d20190130
=FMT  \\$a  BK
=LAS  \\$a3251$b40$c20190130$lBLL01$h1526
=SRC  \\$aESTC

