=LDR  01477 am a2200373   4500
=001  019228958
=003  Uk
=005  20190130154148.0
=008  790922s1765\\\\enk\\\\\\\\\\o000\0\eng\c
=035  \\$a(Uk-ES)006336853
=040  \\$aUk-ES$cUk-ES$dCStRLIN$dUk-ES$edcrmb
=110  1\$aGreat Britain.$bParliament.
=240  10$aBills. 1765-02-21
=245  13$aAn act for dividing and inclosing the open lands and grounds lying in the parish of Bretferton, in the county of Worcester.
=264  \1$a[London] :$b[s.n.],$c[1765]
=300  \\$a21, [1] p. ;$c33 cm (2⁰)
=500  \\$aCaption title.
=500  \\$aDocket title dated 1765.
=500  \\$aEnacted: Private Acts, 5 Geo.III.c.37.
=500  \\$aWoodcut ornaments; woodcut factotum.
=500  \\$aSignatures: A-D² E²(-E2) F².
=510  4\$aESTC,$cT65719
=530  \\$aAlso available on microfilm and in the U.K. Parliamentary Papers database which can be accessed by on-site users.
=650  \0$aInclosures$zEngland$zWorcestershire$vEarly works to 1800.
=655  \7$aBills.$2rbgenr
=752  \\$aGreat Britain$bEngland$dLondon.
=852  41$aBritish Library$bHMNTS$jB.S.Ref.2/27.(25)
=852  41$aBritish Library$bHMNTS$j213.i.4.(36)
=856  41$uhttps://parlipapers.proquest.com/parlipapers/docview/t70.d75.pb-001981?$yProquest U.K. Parliamentary Papers
=CAT  \\$a3251$b40$c20190130$lBLL01$h1541
=FIN  \\$aY$d20190130
=FMT  \\$a  BK
=LAS  \\$a3251$b40$c20190130$lBLL01$h1541
=SRC  \\$aESTC

