=LDR  01664 am a2200397   4500
=001  019235944
=003  Uk
=005  20190204111256.0
=008  790922s1765\\\\enk\\\\\\\\\\o000\0\eng\c
=035  \\$a(Uk-ES)006336827
=040  \\$aUk-ES$cUk-ES$dCU-RivES$dCStRLIN$dCU-RivES$dUk-ES$edcrmb
=110  1\$aGreat Britain.$bParliament.
=240  10$aBills. 1765-02-22
=245  13$aAn act for the dividing, allotting and inclosing divers parcels of common or waste grounds within the manors of Appleton and Lymm, in the county of Chester.
=264  \1$a[London] :$b[s.n.],$c[1765]
=300  \\$a23, [1] p. ;$c33 cm (2⁰)
=500  \\$aCaption title.
=500  \\$aWith a docket title.
=500  \\$aEnacted: Private Acts, 5 Geo.III.c.45.
=500  \\$aWoodcut ornaments; woodcut factotum.
=500  \\$aSignatures: A-F².
=510  4\$aESTC,$cT65693
=530  \\$aAlso available on microfilm and in the U.K. Parliamentary Papers database which can be accessed by on-site users.
=650  \0$aCommons$zEngland$zCheshire$vEarly works to 1800.
=655  \7$aBills.$2rbgenr
=700  0\$aGeorge$bIII,$cKing of Great Britain,$d1738-1820,$eformer owner.$5Uk
=700  0\$aGeorge$bIV,$cKing of Great Britain,$d1762-1830,$edonor.$5Uk
=752  \\$aGreat Britain$bEngland$dLondon.
=852  41$aBritish Library$bHMNTS$jB.S.Ref.2/27.(33)
=852  41$aBritish Library$bHMNTS$j213.i.4.(38)
=856  41$uhttps://parlipapers.proquest.com/parlipapers/docview/t70.d75.pb-001989?$yProquest U.K. Parliamentary Papers
=CAT  \\$a3251$b40$c20190204$lBLL01$h1112
=FIN  \\$aY$d20190204
=FMT  \\$a  BK
=LAS  \\$a3251$b40$c20190204$lBLL01$h1112
=SRC  \\$aESTC

