=LDR  01729 am a2200409   4500
=001  019241807
=003  Uk
=005  20190205095447.0
=008  790922s1765\\\\enk\\\\\\\\\\o000\0\eng\c
=035  \\$a(Uk-ES)006336847
=040  \\$aUk-ES$cUk-ES$dCStRLIN$dUk-ES$edcrmb
=110  1\$aGreat Britain.$bParliament.
=240  10$aBills. 1765-02-22
=245  13$aAn act for dividing and inclosing several open and common fields, lands and grounds, in the township of Benton, otherwise Bempton, in the East Riding of the county of York.
=264  \1$a[London] :$b[s.n.],$c[1765]
=300  \\$a16 p. ;$c33 cm (2⁰)
=500  \\$aCaption title.
=500  \\$aDocket title dated 1765.
=500  \\$aEnacted: Private Acts, 5 Geo.III.c.30.
=500  \\$aWoodcut ornaments; woodcut factotum.
=500  \\$aSignatures: A-D².
=510  4\$aESTC,$cT65713
=530  \\$aAlso available on microfilm and in the U.K. Parliamentary Papers database which can be accessed by on-site users.
=650  \0$aCommons$zEngland$zYorkshire$vEarly works to 1800.
=650  \0$aInclosures$zEngland$zYorkshire$vEarly works to 1800.
=655  \7$aBills.$2rbgenr
=700  0\$aGeorge$bIII,$cKing of Great Britain,$d1738-1820,$eformer owner.$5Uk
=700  0\$aGeorge$bIV,$cKing of Great Britain,$d1762-1830,$edonor.$5Uk
=752  \\$aGreat Britain$bEngland$dLondon.
=852  41$aBritish Library$bHMNTS$j213.i.4.(39)
=852  41$aBritish Library$bHMNTS$jB.S.Ref.2/27.(18)
=856  41$uhttps://parlipapers.proquest.com/parlipapers/docview/t70.d75.pb-001974?$yProquest U.K. Parliamentary Papers
=CAT  \\$a3251$b40$c20190205$lBLL01$h0954
=FIN  \\$aY$d20190205
=FMT  \\$a  BK
=LAS  \\$a3251$b40$c20190205$lBLL01$h0954
=SRC  \\$aESTC

