=LDR  01877 am a2200421   4500
=001  019241811
=003  Uk
=005  20190205101012.0
=008  790922s1765\\\\enk\\\\\\\\\\o000\0\eng\c
=035  \\$a(Uk-ES)006336843
=040  \\$aUk-ES$cUk-ES$dCStRLIN$dUk-ES$edcrmb
=110  1\$aGreat Britain.$bParliament.
=240  10$aBills. 1765-02-22
=245  13$aAn act for dividing and allotting certain open fields, meadows, and stinted pastures, in the township of Fenton, in the parish of Kettlethorpe, in the county of Lincoln, and a certain free common called the East Moor, in the same parish.
=264  \1$a[London] :$b[s.n.],$c[1765]
=300  \\$a22, [2] p. ;$c33 cm (2⁰)
=500  \\$aCaption title.
=500  \\$aWith a docket title.
=500  \\$aEnacted: Private Acts, 5 Geo.III.c.26.
=500  \\$aWoodcut ornaments; woodcut factotum.
=500  \\$aSignatures: A-F².
=510  4\$aESTC,$cT65709
=530  \\$aAlso available on microfilm and in the U.K. Parliamentary Papers database which can be accessed by on-site users.
=650  \0$aAllotment of land$zEngland$zLincolnshire$vEarly works to 1800.
=650  \0$aCommons$zEngland$zLincolnshire$vEarly works to 1800.
=650  \0$aMeadows$zEngland$zLincolnshire$vEarly works to 1800.
=655  \7$aBills.$2rbgenr
=700  0\$aGeorge$bIII,$cKing of Great Britain,$d1738-1820,$eformer owner.$5Uk
=700  0\$aGeorge$bIV,$cKing of Great Britain,$d1762-1830,$edonor.$5Uk
=752  \\$aGreat Britain$bEngland$dLondon.
=852  41$aBritish Library$bHMNTS$j213.i.4.(40)
=852  41$aBritish Library$bHMNTS$jB.S.Ref.2/27.(14)
=856  41$uhttps://parlipapers.proquest.com/parlipapers/docview/t70.d75.pb-001970?$yProquest U.K. Parliamentary Papers
=CAT  \\$a3251$b40$c20190205$lBLL01$h1010
=FIN  \\$aY$d20190205
=FMT  \\$a  BK
=LAS  \\$a3251$b40$c20190205$lBLL01$h1010
=SRC  \\$aESTC

