=LDR  01681 am a2200397   4500
=001  019247578
=003  Uk
=005  20190207103912.0
=008  790922s1765\\\\enk\\\\\\\\\\o000\0\eng\c
=035  \\$a(Uk-ES)006336814
=040  \\$aUk-ES$cUk-ES$dCStRLIN$dUk-ES$edcrmb
=110  1\$aGreat Britain.$bParliament.
=240  10$aBills. 1765-03-05
=245  13$aAn act for dividing and inclosing a certain open common field, common pastures, common meadows, and waste grounds, in the manor and parish of Somerton, in the county of Oxford.
=264  \1$a[London] :$b[s.n.],$c[1765]
=300  \\$a9, [1] p. ;$c33 cm (2⁰)
=500  \\$aCaption title.
=500  \\$aDocket title dated 1765.
=500  \\$aEnacted: Private Acts, 5 Geo.III.c.83.
=500  \\$aWoodcut ornaments; woodcut factotum.
=500  \\$aSignatures: A² B²(-B2) C².
=510  4\$aESTC,$cT65680
=530  \\$aAlso available on microfilm and in the U.K. Parliamentary Papers database which can be accessed by on-site users.
=650  \0$aCommons$zEngland$zOxfordshire$vEarly works to 1800.
=655  \7$aBills.$2rbgenr
=700  0\$aGeorge$bIII,$cKing of Great Britain,$d1738-1820,$eformer owner.$5Uk
=700  0\$aGeorge$bIV,$cKing of Great Britain,$d1762-1830,$edonor.$5Uk
=752  \\$aGreat Britain$bEngland$dLondon.
=852  41$aBritish Library$bHMNTS$j213.i.4.(43)
=852  41$aBritish Library$bHMNTS$jB.S.Ref.2/28.(15)
=856  41$uhttps://parlipapers.proquest.com/parlipapers/docview/t70.d75.pb-001922?$yProquest U.K. Parliamentary Papers
=CAT  \\$a3251$b40$c20190207$lBLL01$h1039
=FIN  \\$aY$d20190207
=FMT  \\$a  BK
=LAS  \\$a3251$b40$c20190207$lBLL01$h1039
=SRC  \\$aESTC

