=LDR  01663 am a2200397   4500
=001  019247943
=003  Uk
=005  20190208094246.0
=008  790922s1765\\\\enk\\\\\\\\\\o000\0\eng\c
=035  \\$a(Uk-ES)006336818
=040  \\$aUk-ES$cUk-ES$dCStRLIN$dUk-ES$edcrmb
=110  1\$aGreat Britain.$bParliament.
=240  10$aBills. 1765-03-12
=245  13$aAn act for dividing and inclosing Walkden Moor, and a part of a parcel of moss ground, called Chatmoss, within the manor of Worsley, in the county palatine of Lancaster.
=264  \1$a[London] :$b[s.n.],$c[1765]
=300  \\$a19, [1] p. ;$c33 cm (2⁰)
=500  \\$aCaption title.
=500  \\$aWith a docket title.
=500  \\$aEnacted: Private Acts, 5 Geo.III.c.60.
=500  \\$aWoodcut head-piece; woodcut factotum.
=500  \\$aSignatures: A-E².
=510  4\$aESTC,$cT65684
=530  \\$aAlso available on microfilm and in the U.K. Parliamentary Papers database which can be accessed by on-site users.
=650  \0$aInclosures$zEngland$zLancashire$vEarly works to 1800.
=655  \7$aBills.$2rbgenr
=700  0\$aGeorge$bIII,$cKing of Great Britain,$d1738-1820,$eformer owner.$5Uk
=700  0\$aGeorge$bIV,$cKing of Great Britain,$d1762-1830,$edonor.$5Uk
=752  \\$aGreat Britain$bEngland$dLondon.
=852  41$aBritish Library$bHMNTS$j213.i.4.(45)
=852  41$aBritish Library$bHMNTS$jB.S.Ref.2/27.(44)
=856  41$uhttps://parlipapers.proquest.com/parlipapers/docview/t70.d75.pb-002000?$yProquest U.K. Parliamentary Papers
=CAT  \\$a3251$b40$c20190208$lBLL01$h0942
=FIN  \\$aY$d20190208
=FMT  \\$a  BK
=LAS  \\$a3251$b40$c20190208$lBLL01$h0942
=SRC  \\$aESTC

