=LDR  01706 am a2200409   4500
=001  019250440
=003  Uk
=005  20190211152736.0
=008  790922s1765\\\\enk\\\\\\\\\\o000\0\eng\c
=035  \\$a(Uk-ES)006336821
=040  \\$aUk-ES$cUk-ES$dCStRLIN$dUk-ES$edcrmb
=110  1\$aGreat Britain.$bParliament.
=240  10$aBills. 1765-03-28
=245  13$aAn act for dividing and inclosing certain commons called the high and low commons in the parish of Tickhill, in the counties of York and Nottingham.
=264  \1$a[London] :$b[s.n.],$c[1765]
=300  \\$a20 p. ;$c33 cm (2⁰)
=500  \\$aCaption title.
=500  \\$aDocket title dated 1765.
=500  \\$aEnacted: Private Acts, 5 Geo.III.c.85.
=500  \\$aWoodcut head-piece; woodcut factotum.
=500  \\$aSignatures: A-E².
=510  4\$aESTC,$cT65687
=530  \\$aAlso available on microfilm and in the U.K. Parliamentary Papers database which can be accessed by on-site users.
=650  \0$aCommons$zEngland$zYorkshire$vEarly works to 1800.
=650  \0$aInclosures$zEngland$zYorkshire$vEarly works to 1800.
=655  \7$aBills.$2rbgenr
=700  0\$aGeorge$bIII,$cKing of Great Britain,$d1738-1820,$eformer owner.$5Uk
=700  0\$aGeorge$bIV,$cKing of Great Britain,$d1762-1830,$edonor.$5Uk
=752  \\$aGreat Britain$bEngland$dLondon.
=852  41$aBritish Library$bHMNTS$j213.i.4.(48)
=852  41$aBritish Library$bHMNTS$jB.S.Ref.2/28.(17)
=856  41$uhttps://parlipapers.proquest.com/parlipapers/docview/t70.d75.pb-001924?$yProquest U.K. Parliamentary Papers
=CAT  \\$a3251$b40$c20190211$lBLL01$h1527
=FIN  \\$aY$d20190211
=FMT  \\$a  BK
=LAS  \\$a3251$b40$c20190211$lBLL01$h1527
=SRC  \\$aESTC

