=LDR  01700 am a2200397   4500
=001  019257808
=003  Uk
=005  20190218100516.0
=008  790922s1765\\\\enk\\\\\\\\\\o000\0\eng\c
=035  \\$a(Uk-ES)006336886
=040  \\$aUk-ES$cUk-ES$dCU-RivES$dCStRLIN$dCU-RivES$dUk-ES$edcrmb
=110  1\$aGreat Britain.$bParliament.
=240  10$aBills. 1765-03-05
=245  13$aAn act for confirming the allotments of, and for inclosing, the common and several waste lands within the parish of Sebraham, otherwise Sebergham, in the county of Cumberland.
=264  \1$a[London] :$b[s.n.],$c[1765]
=300  \\$a15, [11] p. ;$c33 cm (2⁰)
=500  \\$aCaption title.
=500  \\$aDocket title dated 1765.
=500  \\$aEnacted: Private Acts, 5 Geo.III.c.41.
=500  \\$aWoodcut ornaments; woodcut factotum.
=500  \\$aSignatures: A-E² F²(-F2) G².
=510  4\$aESTC,$cT65752
=530  \\$aAlso available on microfilm and in the U.K. Parliamentary Papers database which can be accessed by on-site users.
=650  \0$aCommons$zEngland$zCumbria$vEarly works to 1800.
=655  \7$aBills.$2rbgenr
=700  0\$aGeorge$bIII,$cKing of Great Britain,$d1738-1820,$eformer owner.$5Uk
=700  0\$aGeorge$bIV,$cKing of Great Britain,$d1762-1830,$edonor.$5Uk
=752  \\$aGreat Britain$bEngland$dLondon.
=852  41$aBritish Library$bHMNTS$jB.S.Ref.2/27.(29)
=852  41$aBritish Library$bHMNTS$j213.i.4.(57)
=856  41$uhttps://parlipapers.proquest.com/parlipapers/docview/t70.d75.pb-001985?$yProquest U.K. Parliamentary Papers
=CAT  \\$a3251$b40$c20190218$lBLL01$h1005
=FIN  \\$aY$d20190218
=FMT  \\$a  BK
=LAS  \\$a3251$b40$c20190218$lBLL01$h1005
=SRC  \\$aESTC

