=LDR  01755 am a2200409   4500
=001  019258008
=003  Uk
=005  20190218150501.0
=008  790922s1765\\\\enk\\\\\\\\\\o000\0\eng\c
=035  \\$a(Uk-ES)006336824
=040  \\$aUk-ES$cUk-ES$dCStRLIN$dUk-ES$edcrmb
=110  1\$aGreat Britain.$bParliament.
=240  10$aBills. 1765-02-19
=245  13$aAn act for dividing and inclosing the several open arable fields, undivided inclosures, commons, and wastes, lying and being within the parish of Wadworth, in the West Riding of the county of York.
=264  \1$a[London] :$b[s.n.],$c[1765]
=300  \\$a17, [3] p. ;$c33 cm (2⁰)
=500  \\$aCaption title.
=500  \\$aWith a docket title.
=500  \\$aEnacted: Private Acts, 5 Geo.III.c.80.
=500  \\$aWoodcut ornaments; woodcut factotum.
=500  \\$aSignatures: A-E².
=510  4\$aESTC,$cT65690
=530  \\$aAlso available on microfilm and in the U.K. Parliamentary Papers database which can be accessed by on-site users.
=650  \0$aCommons$zEngland$zYorkshire$vEarly works to 1800.
=650  \0$aInclosures$zEngland$zYorkshire$vEarly works to 1800.
=655  \7$aBills.$2rbgenr
=700  0\$aGeorge$bIII,$cKing of Great Britain,$d1738-1820,$eformer owner.$5Uk
=700  0\$aGeorge$bIV,$cKing of Great Britain,$d1762-1830,$edonor.$5Uk
=752  \\$aGreat Britain$bEngland$dLondon.
=852  41$aBritish Library$bHMNTS$jB.S.Ref.2/28.(12)
=852  41$aBritish Library$bHMNTS$j213.i.4.(60)
=856  41$uhttps://parlipapers.proquest.com/parlipapers/docview/t70.d75.pb-001919?$yProquest U.K. Parliamentary Papers
=CAT  \\$a3251$b40$c20190218$lBLL01$h1505
=FIN  \\$aY$d20190218
=FMT  \\$a  BK
=LAS  \\$a3251$b40$c20190218$lBLL01$h1505
=SRC  \\$aESTC

