=LDR  01760 am a2200397   4500
=001  019286200
=003  Uk
=005  20190306104541.0
=008  790922s1765\\\\enk\\\\\\\\\\o000\0\eng\c
=035  \\$a(Uk-ES)006336860
=040  \\$aUk-ES$cUk-ES$dCStRLIN$dUk-ES$edcrmb
=110  1\$aGreat Britain.$bParliament.
=240  10$aBills. 1765-03-12
=245  13$aAn act to apply a certain sum of money arising by the sale of a house in Tetbury, in the county of Gloucester, and by donation of several persons, for rebuilding the parish church and chancel of Tetbury aforesaid.
=264  \1$a[London] :$b[s.n.],$c[1765]
=300  \\$a7, [1] p. ;$c32 cm (2⁰)
=500  \\$aCaption title.
=500  \\$aEnacted: Private Acts, 5 Geo.III.c.52.
=500  \\$aDocket title dated 1765.
=500  \\$aA later edition of 'An act for rebuilding the parish church and chancel of Tetbury in the county of Gloucester'.
=500  \\$aWoodcut ornaments; woodcut factotum.
=500  \\$aWoodcut headpiece and factotum also appear in ESTC record T161227 variant.
=500  \\$aSignatures: A-B².
=510  4\$aESTC,$cT65726
=530  \\$aAlso available on microfilm and in the U.K. Parliamentary Papers database which can be accessed by on-site users.
=650  \0$aChurch$vEarly works to 1800.
=650  \0$aDissenters, Religious$zEngland$vEarly works to 1800.
=655  \7$aBills.$2rbgenr
=752  \\$aGreat Britain$bEngland$dLondon.
=852  41$aBritish Library$bHMNTS$jB.S.Ref.2/27.(40)
=856  41$uhttps://parlipapers.proquest.com/parlipapers/docview/t70.d75.pb-001996?$yProquest U.K. Parliamentary Papers
=CAT  \\$a3251$b40$c20190306$lBLL01$h1045
=FIN  \\$aY$d20190306
=FMT  \\$a  BK
=LAS  \\$a3251$b40$c20190306$lBLL01$h1045
=SRC  \\$aESTC

