=LDR  01600 am a2200373   4500
=001  019286296
=003  Uk
=005  20190306123308.0
=008  790922s1765\\\\enk\\\\\\\\\\o000\0\eng\c
=035  \\$a(Uk-ES)006336864
=040  \\$aUk-ES$cUk-ES$dCStRLIN$dUk-ES$edcrmb
=110  1\$aGreat Britain.$bParliament.
=240  10$aBills. 1765-03-01
=245  13$aAn act to enable Fanny Fowler, spinster, a minor, to convey, assign, and settle her real and personal estate in the manner therein mentioned, on her intended marriage with Sir Brook Bridges, Baronet.
=264  \1$a[London] :$b[s.n.],$c[1765]
=300  \\$a8, [2] p. ;$c32 cm (2⁰)
=500  \\$aTitle from docket dated 1765.
=500  \\$aEnacted: Private Acts, 5 Geo.III.c.50.
=500  \\$aIn this issue, the first word of line 1 on p.8 is 'of'.
=500  \\$aWooduct ornaments; woodcut factotum.
=500  \\$aSignatures: [A]² B²(-B2) C².
=510  4\$aESTC,$cT65730
=530  \\$aAlso available on microfilm and in the U.K. Parliamentary Papers database which can be accessed by on-site users.
=650  \0$aEstate settlement costs$vEarly works to 1800.
=650  \0$aReal property$zGreat Britain$vEarly works to 1800.
=655  \7$aBills.$2rbgenr
=752  \\$aGreat Britain$bEngland$dLondon.
=852  41$aBritish Library$bHMNTS$jB.S.Ref.2/27.(38)
=856  41$uhttps://parlipapers.proquest.com/parlipapers/docview/t70.d75.pb-001994?$yProquest U.K. Parliamentary Papers
=CAT  \\$a3251$b40$c20190306$lBLL01$h1233
=FIN  \\$aY$d20190306
=FMT  \\$a  BK
=LAS  \\$a3251$b40$c20190306$lBLL01$h1233
=SRC  \\$aESTC

