=LDR  02070 am a2200409   4500
=001  019286309
=003  Uk
=005  20190306130724.0
=008  790922s1765\\\\enk\\\\\\\\\\o000\0\eng\c
=035  \\$a(Uk-ES)006336875
=040  \\$aUk-ES$cUk-ES$dCStRLIN$dUk-ES$edcrmb
=110  1\$aGreat Britain.$bParliament.
=240  10$aBills. 1765-03-18
=245  13$aAn act for divesting out of the heir at law, or other legal representative or representatives of Edmund Neeler, deceased, the several freehold estates of the late William Westbrook, Esquire, deceased, int he counties of Middlesex, Bucks, Kent and Surry, and in the city of London; and for vesting the same in trustees, to be sold and conveyed to such persons as may already have contracted, or shall hereafter contract, to become the purchasers of any parts of shares thereof, under the directions of the Court of Chancery.
=264  \1$a[London] :$b[s.n.],$c[1765]
=300  \\$a13, [1] p. ;$c33 cm (2⁰)
=500  \\$aCaption title.
=500  \\$aDocket title dated 1765.
=500  \\$aEnacted: Private Acts, 5 Geo.III.c.95.
=500  \\$aWoodcut ornaments; woodcut factotum.
=500  \\$aSignatures: A-C² [chi]1.
=510  4\$aESTC,$cT65741
=530  \\$aAlso available on microfilm and in the U.K. Parliamentary Papers database which can be accessed by on-site users.
=650  \0$aContracts$vEarly works to 1800.
=650  \0$aInheritance and succession$vEarly works to 1800.
=655  \7$aBills.$2rbgenr
=700  0\$aGeorge$bIII,$cKing of Great Britain,$d1738-1820,$eformer owner.$5Uk
=700  0\$aGeorge$bIV,$cKing of Great Britain,$d1762-1830,$edonor.$5Uk
=752  \\$aGreat Britain$bEngland$dLondon.
=852  41$aBritish Library$bHMNTS$jB.S.Ref.2/28.(27)
=852  41$aBritish Library$bHMNTS$j213.i.4.(67)
=856  41$uhttps://parlipapers.proquest.com/parlipapers/docview/t70.d75.pb-001934?$yProquest U.K. Parliamentary Papers
=CAT  \\$a3251$b40$c20190306$lBLL01$h1307
=FIN  \\$aY$d20190306
=FMT  \\$a  BK
=LAS  \\$a3251$b40$c20190306$lBLL01$h1307
=SRC  \\$aESTC

