=LDR  02116 am a2200421   4500
=001  019286322
=003  Uk
=005  20190321115908.0
=008  790922s1765\\\\enk\\\\\\\\\\o000\0\eng\c
=035  \\$a(Uk-ES)006336867
=040  \\$aUk-ES$cUk-ES$dCStRLIN$dUk-ES$edcrmb
=110  1\$aGreat Britain.$bParliament.
=240  10$aBills. 1765-03-25
=245  13$aAn act for vesting part of the settled estates of Dorothy late Countess Dowager of Burlington, lying in the counties of Middlesex, York, and Lincoln, in trustees, to be sold, and conveyed in manner therein mentioned; and for investing part of the money arising by such sale in discharging a mortgage debt affecting the same premises, and the residue thereof in the purchase of other lands and hereditaments, to be settled to the same uses as the said settled estates do now stand limited, or so many of them as shall be then existing.
=264  \1$a[London] :$b[s.n.],$c[1765]
=300  \\$a15, [1] p. ;$c33 cm (2⁰)
=500  \\$aCaption title.
=500  \\$aDocket title dated 1765
=500  \\$aEnacted: Private Acts, 5 Geo.III.c.87.
=500  \\$aWoodcut head-piece; woodcut factotum
=500  \\$aSignatures: A-D².
=510  4\$aESTC,$cT65733
=530  \\$aAlso available on microfilm and in the U.K. Parliamentary Papers database which can be accessed by on-site users.
=650  \0$aEstate sales$zEngland$vEarly works to 1800.
=650  \0$aMortgages$vEarly works to 1800.
=655  \7$aBills.$2rbgenr
=700  0\$aGeorge$bIII,$cKing of Great Britain,$d1738-1820,$eformer owner.$5Uk
=700  0\$aGeorge$bIV,$cKing of Great Britain,$d1762-1830,$edonor.$5Uk
=752  \\$aGreat Britain$bEngland$dLondon.
=852  41$aBritish Library$bHMNTS$jB.S.Ref.2/28.(19)
=852  41$aBritish Library$bHMNTS$j213.i.4.(68)
=856  41$uhttps://parlipapers.proquest.com/parlipapers/docview/t70.d75.pb-001926?$yProquest U.K. Parliamentary Papers
=CAT  \\$a3251$b40$c20190306$lBLL01$h1327
=CAT  \\$a3251$b40$c20190321$lBLL01$h1159
=FIN  \\$aY$d20190306
=FMT  \\$a  BK
=LAS  \\$a3251$b40$c20190321$lBLL01$h1159
=SRC  \\$aESTC

