=LDR  01787 am a2200385   4500
=001  019286436
=003  Uk
=005  20190306144814.0
=008  790922s1765\\\\enk\\\\\\\\\\o000\0\eng\c
=035  \\$a(Uk-ES)006336869
=040  \\$aUk-ES$cUk-ES$dCU-RivES$dCStRLIN$dCU-RivES$dUk-ES$edcrmb
=110  1\$aGreat Britain.$bParliament.
=240  10$aBills. 1765-03-19
=245  13$aAn act for making the portions provided by the marriage settlement of Sir George Trevelyan, Baronet, and Dame Julia his wife, for their younger children, vested interests, so that the same may be raised and paid notwhithstanding the deaths of such children in the lifetime of their father, and for other purposes therein mentioned.
=264  \1$a[London] :$b[s.n.],$c[1765]
=300  \\$a29, [1] p. ;$c33 cm (2⁰)
=500  \\$aCaption title.
=500  \\$aWith a docket title.
=500  \\$aEnacted: Private Acts, 5 Geo.III.c.89.
=500  \\$aWoodcut ornaments; woodcut factotum.
=500  \\$aSignatures: A-F² G²(-G2) H².
=510  4\$aESTC,$cT65735
=530  \\$aAlso available on microfilm and in the U.K. Parliamentary Papers database which can be accessed by on-site users.
=655  \7$aBills.$2rbgenr
=700  0\$aGeorge$bIII,$cKing of Great Britain,$d1738-1820,$eformer owner.$5Uk
=700  0\$aGeorge$bIV,$cKing of Great Britain,$d1762-1830,$edonor.$5Uk
=752  \\$aGreat Britain$bEngland$dLondon.
=852  41$aBritish Library$bHMNTS$jB.S.Ref.2/28.(21)
=852  41$aBritish Library$bHMNTS$j213.i.4.(81)
=856  41$uhttps://parlipapers.proquest.com/parlipapers/docview/t70.d75.pb-001928?$yProquest U.K. Parliamentary Papers
=CAT  \\$a3251$b40$c20190306$lBLL01$h1448
=FIN  \\$aY$d20190306
=FMT  \\$a  BK
=LAS  \\$a3251$b40$c20190306$lBLL01$h1448
=SRC  \\$aESTC

