=LDR  01886 am a2200409   4500
=001  019286465
=003  Uk
=005  20190306151349.0
=008  790922s1765\\\\enk\\\\\\\\\\o000\0\eng\c
=035  \\$a(Uk-ES)006336884
=040  \\$aUk-ES$cUk-ES$dCStRLIN$dUk-ES$edcrmb
=110  1\$aGreat Britain.$bParliament.
=240  10$aBills. 1765-03-14
=245  13$aAn act for vesting several freehold and copyhold estates in the several counties of Essex, Suffolk, Bucks, and Middlesex, and in the City of London, in trustees, for the sale thereof, in order to discharge the several legacies or portions bequeathed by the will of William Hollingworth, Esq, deceased, and for other purposes therein mentioned.
=264  \1$a[London] :$b[s.n.],$c[1765]
=300  \\$a12, [2] p. ;$c33 cm (2⁰)
=500  \\$aCaption title.
=500  \\$aWith a docket title.
=500  \\$aEnacted: Private Acts, 5 Geo.III.c.99.
=500  \\$aWoodcut ornaments; woodcut factotum.
=500  \\$aSignatures: A-B² C²(-C2) D².
=510  4\$aESTC,$cT65750
=530  \\$aAlso available on microfilm and in the U.K. Parliamentary Papers database which can be accessed by on-site users.
=650  \0$aEstate sales$zEngland$vEarly works to 1800.
=650  \0$aLegacies$vEarly works to 1800.
=655  \7$aBills.$2rbgenr
=700  0\$aGeorge$bIII,$cKing of Great Britain,$d1738-1820,$eformer owner.$5Uk
=700  0\$aGeorge$bIV,$cKing of Great Britain,$d1762-1830,$edonor.$5Uk
=752  \\$aGreat Britain$bEngland$dLondon.
=852  41$aBritish Library$bHMNTS$j213.i.4.(80)
=852  41$aBritish Library$bHMNTS$jB.S.Ref.2/28.(31)
=856  41$uhttps://parlipapers.proquest.com/parlipapers/docview/t70.d75.pb-001938?$yProquest U.K. Parliamentary Papers
=CAT  \\$a3251$b40$c20190306$lBLL01$h1513
=FIN  \\$aY$d20190306
=FMT  \\$a  BK
=LAS  \\$a3251$b40$c20190306$lBLL01$h1513
=SRC  \\$aESTC

