=LDR  01524 am a2200373   4500
=001  019287130
=003  Uk
=005  20190307103553.0
=008  790922s1765\\\\enk\\\\\\\\\\o000\0\eng\c
=035  \\$a(Uk-ES)006336878
=040  \\$aUk-ES$cUk-ES$dCStRLIN$dUk-ES$edcrmb
=110  1\$aGreat Britain.$bParliament.
=240  10$aBills. 1765-03-27
=245  13$aAn act for vesting part of the real estate of Mary Phelps, widow, deceased, given and devised by her will in trustees, to be sold for payment of debts, legacies and incumbrances.
=264  \1$a[London] :$b[s.n.],$c[1765]
=300  \\$a13, [1] p. ;$c33 cm (2⁰)
=500  \\$aCaption title.
=500  \\$aDocket title dated 1765.
=500  \\$aEnacted: Private Acts, 5 Geo.III.c.98.
=500  \\$aWoodcut ornaments: woodcut factotum.
=500  \\$aSignatures: A-B² C²(-C2) D².
=510  4\$aESTC,$cT65744
=530  \\$aAlso available on microfilm and in the U.K. Parliamentary Papers database which can be accessed by on-site users.
=650  \0$aEncumbrances (Law)$vEarly works to 1800.
=650  \0$aExtinguishment of debts$vEarly works to 1800.
=655  \7$aBills.$2rbgenr
=752  \\$aGreat Britain$bEngland$dLondon.
=852  41$aBritish Library$bHMNTS$jB.S.Ref.2/28.(30)
=856  41$uhttps://parlipapers.proquest.com/parlipapers/docview/t70.d75.pb-001937?$yProquest U.K. Parliamentary Papers
=CAT  \\$a3251$b40$c20190307$lBLL01$h1035
=FIN  \\$aY$d20190307
=FMT  \\$a  BK
=LAS  \\$a3251$b40$c20190307$lBLL01$h1035
=SRC  \\$aESTC

