=LDR  01628 am a2200385   4500
=001  019288642
=003  Uk
=005  20190308093852.0
=008  790922s1765\\\\enk\\\\\\\\\\o000\0\eng\c
=035  \\$a(Uk-ES)006336877
=040  \\$aUk-ES$cUk-ES$dCU-RivES$dCStRLIN$dCU-RivES$dUk-ES$edcrmb
=110  1\$aGreat Britain.$bParliament.
=240  10$aBills. 1765-03-12
=245  13$aAn act to confirm and establish exchanges of land at Dorking in Surry, between Charles Howard, Esq; and Edward Walter, Esq; and between the said Charles Howard and Jonathan Tyers, Esq.
=264  \1$a[London] :$b[s.n.],$c[1765]
=300  \\$a11, [1] p. ;$c33 cm (2⁰)
=500  \\$aCaption title.
=500  \\$aWith a docket title.
=500  \\$aEnacted: Private Acts, 5 Geo.III.c.97.
=500  \\$aWoodcut head-piece; woodcut factotum.
=500  \\$aSignatures: A-C².
=510  4\$aESTC,$cT65743
=530  \\$aAlso available on microfilm and in the U.K. Parliamentary Papers database which can be accessed by on-site users.
=655  \7$aBills.$2rbgenr
=700  0\$aGeorge$bIII,$cKing of Great Britain,$d1738-1820,$eformer owner.$5Uk
=700  0\$aGeorge$bIV,$cKing of Great Britain,$d1762-1830,$edonor.$5Uk
=752  \\$aGreat Britain$bEngland$dLondon.
=852  41$aBritish Library$bHMNTS$j213.i.4.(72)
=852  41$aBritish Library$bHMNTS$jB.S.Ref.2/28.(29)
=856  41$uhttps://parlipapers.proquest.com/parlipapers/docview/t70.d75.pb-001936?$yProquest U.K. Parliamentary Papers
=CAT  \\$a3251$b40$c20190308$lBLL01$h0938
=FIN  \\$aY$d20190308
=FMT  \\$a  BK
=LAS  \\$a3251$b40$c20190308$lBLL01$h0938
=SRC  \\$aESTC

