=LDR  01769 am a2200397   4500
=001  019288650
=003  Uk
=005  20190308100023.0
=008  790922s1765\\\\enk\\\\\\\\\\o000\0\eng\c
=035  \\$a(Uk-ES)006336883
=040  \\$aUk-ES$cUk-ES$dCStRLIN$dUk-ES$edcrmb
=110  1\$aGreat Britain.$bParliament.
=240  10$aBills. 1765-03-28
=245  13$aAn act for sale of the estates comprised in the marriage settlement of John Bristow, Esquire, in the county of Norfolk, and for applying the monies arising thereby in the purchase of other lands and hereditaments to be settled to the uses contained in the said settlement.
=264  \1$a[London] :$b[s.n.],$c[1765]
=300  \\$a15, [1] p. ;$c33 cm (2⁰)
=500  \\$aCaption title.
=500  \\$aDocket title dated 1765.
=500  \\$aEnacted: Private Acts, 5 Geo.III.c.100.
=500  \\$aWoodcut ornaments; woodcut factotum.
=500  \\$aSignatures: A-D².
=510  4\$aESTC,$cT65749
=530  \\$aAlso available on microfilm and in the U.K. Parliamentary Papers database which can be accessed by on-site users.
=650  \0$aEstate sales$zEngland$zNorfolk$vEarly works to 1800.
=655  \7$aBills.$2rbgenr
=700  0\$aGeorge$bIII,$cKing of Great Britain,$d1738-1820,$eformer owner.$5Uk
=700  0\$aGeorge$bIV,$cKing of Great Britain,$d1762-1830,$edonor.$5Uk
=752  \\$aGreat Britain$bEngland$dLondon.
=852  41$aBritish Library$bHMNTS$jB.S.Ref.2/28.(32)
=852  41$aBritish Library$bHMNTS$j213.i.4.(73)
=856  41$uhttps://parlipapers.proquest.com/parlipapers/docview/t70.d75.pb-001939?$yProquest U.K. Parliamentary Papers
=CAT  \\$a3251$b40$c20190308$lBLL01$h1000
=FIN  \\$aY$d20190308
=FMT  \\$a  BK
=LAS  \\$a3251$b40$c20190308$lBLL01$h1000
=SRC  \\$aESTC

