=LDR  01729 am a2200385   4500
=001  019288660
=003  Uk
=005  20190321131901.0
=008  790922s1765\\\\enk\\\\\\\\\\o000\0\eng\c
=035  \\$a(Uk-ES)006336873
=040  \\$aUk-ES$cUk-ES$dCStRLIN$dUk-ES$edcrmb
=110  1\$aGreat Britain.$bParliament.
=240  10$aBills. 1765-03-05
=245  13$aAn act for vesting of the settled estate of John Knowsley, and Elizabeth his wife, in the county of York, in trustees, to be conveyed pursuant to certain articles for the purchase thereof, and for laying out the money thereby stipulated to be paid, in the purchase of other lands, to be charged and settled in the manner as therein mentioned.
=264  \1$a[London] :$b[s.n.],$c[1765]
=300  \\$a9, [1] p. ;$c33 cm (2⁰)
=500  \\$aCaption title.
=500  \\$aDocket title dated 1765.
=500  \\$aEnacted: Private Acts, 5 Geo.III.c.93.
=500  \\$aWoodcut head-piece; woodcut factotum.
=500  \\$aSignatures: A² B²(-B2) C².
=510  4\$aESTC,$cT65739
=530  \\$aAlso available on microfilm and in the U.K. Parliamentary Papers database which can be accessed by on-site users.
=650  \0$aEstate settlement costs$vEarly works to 1800.
=650  \0$aReal property$vEarly works to 1800.
=655  \7$aBills.$2rbgenr
=752  \\$aGreat Britain$bEngland$dLondon.
=852  41$aBritish Library$bHMNTS$jB.S.Ref.2/28.(25)
=856  41$uhttps://parlipapers.proquest.com/parlipapers/docview/t70.d75.pb-001932?$yProquest U.K. Parliamentary Papers
=CAT  \\$a3251$b40$c20190308$lBLL01$h1037
=CAT  \\$a3251$b40$c20190321$lBLL01$h1319
=FIN  \\$aY$d20190308
=FMT  \\$a  BK
=LAS  \\$a3251$b40$c20190321$lBLL01$h1319
=SRC  \\$aESTC

