=LDR  01590 am a2200373   4500
=001  019288668
=003  Uk
=005  20190308110640.0
=008  790922s1765\\\\enk\\\\\\\\\\o000\0\eng\c
=035  \\$a(Uk-ES)006336881
=040  \\$aUk-ES$cUk-ES$dCStRLIN$dUk-ES$edcrmb
=110  1\$aGreat Britain.$bParliament.
=240  10$aBills. 1765-03-05
=245  13$aAn act to enable John Lord Bellew, Baron of Duleeke in the Kingdom of Ireland, more effectually to exercise his power to raise certain sums therein mentioned out of his settled estates in the said kingdom for the portions of younge [sic] children.
=264  \1$a[London] :$b[s.n.],$c[1765]
=300  \\$a14, [2] p. ;$c33 cm (2⁰)
=500  \\$aCaption title.
=500  \\$aDocket title dated 1765.
=500  \\$aEnacted: Private Acts, 5 Geo.III.c.110.
=500  \\$aWoodcut head-piece; woodcut factotum.
=500  \\$aSignatures: A-C² [chi]².
=510  4\$aESTC,$cT65747
=530  \\$aAlso available on microfilm and in the U.K. Parliamentary Papers database which can be accessed by on-site users.
=650  \0$aEncumbrances (Law)$vEarly works to 1800.
=650  \0$aExtinguishment of debts$vEarly works to 1800.
=655  \7$aBills.$2rbgenr
=752  \\$aGreat Britain$bEngland$dLondon.
=852  41$aBritish Library$bHMNTS$jB.S.Ref.2/28.(39)
=856  41$uhttps://parlipapers.proquest.com/parlipapers/docview/t70.d75.pb-001946?$yProquest U.K. Parliamentary Papers
=CAT  \\$a3251$b40$c20190308$lBLL01$h1106
=FIN  \\$aY$d20190308
=FMT  \\$a  BK
=LAS  \\$a3251$b40$c20190308$lBLL01$h1106
=SRC  \\$aESTC

