=LDR  01971 am a2200421   4500
=001  019288795
=003  Uk
=005  20190308153119.0
=008  790922s1765\\\\enk\\\\\\\\\\o000\0\eng\c
=035  \\$a(Uk-ES)006336874
=040  \\$aUk-ES$cUk-ES$dCStRLIN$dUk-ES$edcrmb
=110  1\$aGreat Britain.$bParliament.
=240  10$aBills. 1765-03-04
=245  13$aAn act for vesting certain estates, late of Elizabeth Cary, widow, deceased, in the county of Middlesex, in trustees, in trust to sell and convey the same to Robert Child, Esquire, and for laying out the money arising by such sale in three per centum consolidated bank annuities, to be secured and transferred in the manner therein mentioned, and for other purposes.
=264  \1$a[London] :$b[s.n.],$c[1765]
=300  \\$a25, [1] p. ;$c33 cm (2⁰)
=500  \\$aCaption title.
=500  \\$aDocket title dated 1765.
=500  \\$aEnacted: Private Acts, 5 Geo.III.c.94.
=500  \\$aWoodcut ornaments; woodcut factotum.
=500  \\$aSignatures: A-E² F²(-F2) G².
=510  4\$aESTC,$cT65740
=530  \\$aAlso available on microfilm and in the U.K. Parliamentary Papers database which can be accessed by on-site users.
=650  \0$aDecedents' estates$vEarly works to 1800.
=650  \0$aEstate sales$zEngland$vEarly works to 1800.
=655  \7$aBills.$2rbgenr
=700  0\$aGeorge$bIII,$cKing of Great Britain,$d1738-1820,$eformer owner.$5Uk
=700  0\$aGeorge$bIV,$cKing of Great Britain,$d1762-1830,$edonor.$5Uk
=752  \\$aGreat Britain$bEngland$dLondon.
=852  41$aBritish Library$bHMNTS$j213.i.4.(70)
=852  41$aBritish Library$bHMNTS$jB.S.Ref.2/28.(26)
=856  41$uhttps://parlipapers.proquest.com/parlipapers/docview/t70.d75.pb-001933?$yProquest U.K. Parliamentary Papers
=CAT  \\$a3251$b40$c20190308$lBLL01$h1528
=CAT  \\$a3251$b40$c20190308$lBLL01$h1531
=FIN  \\$aY$d20190308
=FMT  \\$a  BK
=LAS  \\$a3251$b40$c20190308$lBLL01$h1531
=SRC  \\$aESTC

