=LDR  01981 am a2200433   4500
=001  019296221
=003  Uk
=005  20190312122940.0
=008  790922s1765\\\\enk\\\\\\\\\\o000\0\eng\c
=035  \\$a(Uk-ES)006336882
=040  \\$aUk-ES$cUk-ES$dCU-RivES$dCStRLIN$dCU-RivES$dUk-ES$edcrmb
=110  1\$aGreat Britain.$bParliament.
=240  10$aBills. 1765-03-19
=245  13$aAn act for vesting the estate, late of Peter Wyche, Esq; at Goadby, alias Godeby Marwood, in the county of Leicester, in trust to be conveyed to the most noble John Marquis of Granby, or as he shall appoint, and for applying the purchase-money in manner, and for the purposes therein mentioned.
=264  \1$a[London] :$b[s.n.],$c[1765]
=300  \\$a14, [2] p. ;$c33 cm (2⁰)
=500  \\$aCaption title.
=500  \\$aWith a docket title.
=500  \\$aDocket title over nine lines.
=500  \\$aEnacted: Private Acts, 5 Geo.III.c.111.
=500  \\$aWoodcut ornaments; woodcut factotum.
=500  \\$aC1 missigned 'D'.
=500  \\$aA variant has final quire in a different setting with first leaf signed 'E' and docket title over eleven lines.
=500  \\$aSignatures: A-D².
=510  4\$aESTC,$cT65748
=530  \\$aAlso available on microfilm and in the U.K. Parliamentary Papers database which can be accessed by on-site users.
=650  \0$aAdvowson$zEngland.
=655  \7$aBills.$2rbgenr
=700  0\$aGeorge$bIII,$cKing of Great Britain,$d1738-1820,$eformer owner.$5Uk
=700  0\$aGeorge$bIV,$cKing of Great Britain,$d1762-1830,$edonor.$5Uk
=752  \\$aGreat Britain$bEngland$dLondon.
=852  41$aBritish Library$bHMNTS$jB.S.Ref.2/28.(40)
=852  41$aBritish Library$bHMNTS$j213.i.4.(88)
=856  41$uhttps://parlipapers.proquest.com/parlipapers/docview/t70.d75.pb-001947?$yProquest U.K. Parliamentary Papers
=CAT  \\$a3251$b40$c20190312$lBLL01$h1229
=FIN  \\$aY$d20190312
=FMT  \\$a  BK
=LAS  \\$a3251$b40$c20190312$lBLL01$h1229
=SRC  \\$aESTC

