=LDR  01897 am a2200409   4500
=001  019300306
=003  Uk
=005  20190321131711.0
=008  790922s1765\\\\enk\\\\\\\\\\o000\0\eng\c
=035  \\$a(Uk-ES)006336870
=040  \\$aUk-ES$cUk-ES$dCU-RivES$dCStRLIN$dCU-RivES$dUk-ES$edcrmb
=110  1\$aGreat Britain.$bParliament.
=240  10$aBills. 1765-03-25
=245  13$aAn act for vesting the barony or manor of Shipbrook, in the county of Chester, part of the estate of Henry Vernon, Esquire, comprised in his marriage settlement, in trustees, to be sold for raiising money to discharge the debts and incumbrances charged upon and affecting the same previously to the said settlement, and for other purposes therein mentioned.
=264  \1$a[London] :$b[s.n.],$c[1765]
=300  \\$a9, [1] p. ;$c33 cm (2⁰)
=500  \\$aCaption title.
=500  \\$aDocket title dated 1765.
=500  \\$aWoodcut ornaments; woodcut factotum.
=500  \\$aSignatures: A² B²(-B2) C².
=500  \\$aEnacted: Private Acts, 5 Geo.III.c.90.
=510  4\$aESTC,$cT65736
=530  \\$aAlso available on microfilm and in the U.K. Parliamentary Papers database which can be accessed by on-site users.
=650  \0$aAdvowson$zEngland.
=655  \7$aBills.$2rbgenr
=700  0\$aGeorge$bIII,$cKing of Great Britain,$d1738-1820,$eformer owner.$5Uk
=700  0\$aGeorge$bIV,$cKing of Great Britain,$d1762-1830,$edonor.$5Uk
=752  \\$aGreat Britain$bEngland$dLondon.
=852  41$aBritish Library$bHMNTS$j213.i.4.(74)
=852  41$aBritish Library$bHMNTS$jB.S.Ref.2/28.(22)
=856  41$uhttps://parlipapers.proquest.com/parlipapers/docview/t70.d75.pb-001929?$yProquest U.K. Parliamentary Papers
=CAT  \\$a3251$b40$c20190314$lBLL01$h1038
=CAT  \\$a3251$b40$c20190321$lBLL01$h1317
=FIN  \\$aY$d20190314
=FMT  \\$a  BK
=LAS  \\$a3251$b40$c20190321$lBLL01$h1317
=SRC  \\$aESTC

