=LDR  01861 am a2200385   4500
=001  019300448
=003  Uk
=005  20190314145243.0
=008  790922s1765\\\\enk\\\\\\\\\\o000\0\eng\c
=035  \\$a(Uk-ES)006336863
=040  \\$aUk-ES$cUk-ES$dCU-RivES$dCStRLIN$dCU-RivES$dUk-ES$edcrmb
=110  1\$aGreat Britain.$bParliament.
=240  10$aBills. 1765-02-26
=245  13$aAn act for confirming and establishing an agreement between the master, brethren, and sisters of the hospital of the Lord Hastings of Loughborough, founded at Stoke Poges, in the county of Bucks, and Thomas Penn, Esquire, for exhanging certain lands and premisses in Stoke Poges aforesaid, and for rendering the said agreement more effectual for the purposes thereby intended.
=264  \1$a[London] :$b[s.n.],$c[1765]
=300  \\$a11, [1] p. ;$c33 cm (2⁰)
=500  \\$aTitle from docket title.
=500  \\$aEnacted: Private Acts, 5 Geo.III.c.49.
=500  \\$aWoodcut ornaments; woodcut factotum.
=500  \\$aSignatures: A-C².
=510  4\$aESTC,$cT65729
=530  \\$aAlso available on microfilm and in the U.K. Parliamentary Papers database which can be accessed by on-site users.
=610  20$aUniversity of Oxford.$bRegius Professor of Divinity.
=655  \7$aBills.$2rbgenr
=700  0\$aGeorge$bIII,$cKing of Great Britain,$d1738-1820,$eformer owner.$5Uk
=700  0\$aGeorge$bIV,$cKing of Great Britain,$d1762-1830,$edonor.$5Uk
=752  \\$aGreat Britain$bEngland$dLondon.
=852  41$aBritish Library$bHMNTS$j213.i.4.(77)
=852  41$aBritish Library$bHMNTS$jB.S.Ref.2/27.(37)
=856  41$uhttps://parlipapers.proquest.com/parlipapers/docview/t70.d75.pb-001993?$yProquest U.K. Parliamentary Papers
=CAT  \\$a3251$b40$c20190314$lBLL01$h1452
=FIN  \\$aY$d20190314
=FMT  \\$a  BK
=LAS  \\$a3251$b40$c20190314$lBLL01$h1452
=SRC  \\$aESTC

