=LDR  01697 am a2200373   4500
=001  019300459
=003  Uk
=005  20190314152850.0
=008  790922s1765\\\\enk\\\\\\\\\\o000\0\eng\c
=035  \\$a(Uk-ES)006336871
=040  \\$aUk-ES$cUk-ES$dCStRLIN$dUk-ES$edcrmb
=110  1\$aGreat Britain.$bParliament.
=240  10$aBills. 1765-03-05
=245  13$aAn act for selling part of the settled estates of Robert Dolman, Esquire, in Pocklington and elsewhere, in the county of York, for discharging the debts and incumbrances of himself and Robert Dolman the younger, his eldest son, affecting the same; and for making provision for Robert Dolman the younger, and for the younger children of Robert Dolman the elder.
=260  \\$a[London] :$b[s.n.],$c[1765]
=300  \\$a23, [3] p. ;$c2⁰.
=500  \\$aCaption title.
=500  \\$aDocket title dated 1765.
=500  \\$aEnacted: Private Acts, 5 Geo.III.c.91.
=500  \\$aWoodcut ornaments; woodcut factotum.
=500  \\$aSignatures: A-F² [chi]1.
=510  4\$aESTC,$cT65737
=530  \\$aAlso available on microfilm and in the U.K. Parliamentary Papers database which can be accessed by on-site users.
=650  \0$aEncumbrances (Law)$vEarly works to 1800.
=650  \0$aEstate sales$zEngland$zYork$vEarly works to 1800.
=655  \7$aBills.$2rbgenr
=752  \\$aGreat Britain$bEngland$dLondon.
=852  41$aBritish Library$bHMNTS$jB.S.Ref.2/28.(23)
=856  41$uhttps://parlipapers.proquest.com/parlipapers/docview/t70.d75.pb-001930?$yProquest U.K. Parliamentary Papers
=CAT  \\$a3251$b40$c20190314$lBLL01$h1528
=FIN  \\$aY$d20190314
=FMT  \\$a  BK
=LAS  \\$a3251$b40$c20190314$lBLL01$h1528
=SRC  \\$aESTC

