=LDR  01589 am a2200337   4500
=001  019301603
=003  Uk
=005  20190315095223.0
=008  790922s1765\\\\enk\\\\\\\\\\o000\0\eng\c
=035  \\$a(Uk-ES)006336879
=040  \\$aUk-ES$cUk-ES$dCU-RivES$dCStRLIN$dCU-RivES$dUk-ES$edcrmb
=110  1\$aGreat Britain.$bParliament.
=240  10$aBills. 1765-03-26
=245  13$aAn act for making a partition of divers manors, lands, and hereditaments in the counties of Lincoln and York, late the estate of Edward Ayscough, Esquire, deceased, which upon his death belonged to his four daughters and coheirs, and for settling the lands and hereditaments to be allotted upon the said petition to the several uses limited of their several undivided shares thereof respectively.
=264  \1$a[London] :$b[s.n.],$c[1765]
=300  \\$a16 p. ;$c2⁰.
=500  \\$aCaption title.
=500  \\$aDocket title dated 1765.
=500  \\$aEnacted: Private Acts, 5 Geo.III.c.101.
=500  \\$aWoodcut head-piece; woodcut factotum.
=500  \\$aSignatures: A-D².
=510  4\$aESTC,$cT65745
=530  \\$aAlso available on microfilm and in the U.K. Parliamentary Papers database which can be accessed by on-site users.
=752  \\$aGreat Britain$bEngland$dLondon.
=852  41$aBritish Library$bHMNTS$jB.S.Ref.2/28.(33)
=856  41$uhttps://parlipapers.proquest.com/parlipapers/docview/t70.d75.pb-001940?$yProquest U.K. Parliamentary Papers
=CAT  \\$a3251$b40$c20190315$lBLL01$h0952
=FIN  \\$aY$d20190315
=FMT  \\$a  BK
=LAS  \\$a3251$b40$c20190315$lBLL01$h0952
=SRC  \\$aESTC

