=LDR  01573 am a2200349   4500
=001  019301621
=003  Uk
=005  20190315104425.0
=008  790922s1765\\\\enk\\\\\\\\\\o000\0\eng\c
=035  \\$a(Uk-ES)006336880
=040  \\$aUk-ES$cUk-ES$dCU-RivES$dCStRLIN$dCU-RivES$dUk-ES$edcrmb
=110  1\$aGreat Britain.$bParliament.
=240  10$aBills. 1765-03-13
=245  12$aA bill for sale of the freehold estate, late of Amie Broxholme, widow, deceased, in the parish of Saint George, Hanover-Square; and for laying out the money arising by such sale, in the purchase of other freehold lands and hereditaments, to be settled in lieu thereof.
=264  \1$a[London] :$b[s.n.],$c[1765]
=300  \\$a8 p. ;$c33 cm (2⁰)
=500  \\$aCaption title.
=500  \\$aWith a docket title.
=500  \\$aEnacted: Private Acts, 5 Geo.III.c.102.
=500  \\$aWoodcut head-piece; woodcut factotum.
=500  \\$aSignatures: B-C².
=510  4\$aESTC,$cT65746
=530  \\$aAlso available on microfilm and in the U.K. Parliamentary Papers database which can be accessed by on-site users.
=655  \7$aBills.$2rbgenr
=752  \\$aGreat Britain$bEngland$dLondon.
=852  41$aBritish Library$bHMNTS$jB.S.Ref.2/28.(34)$qCopy at B.S.Ref.2/28.(34). Imperfect: cropped at foot affecting docket title.
=856  41$uhttps://parlipapers.proquest.com/parlipapers/docview/t70.d75.pb-001941?$yProquest U.K. Parliamentary Papers
=CAT  \\$a3251$b40$c20190315$lBLL01$h1044
=FIN  \\$aY$d20190315
=FMT  \\$a  BK
=LAS  \\$a3251$b40$c20190315$lBLL01$h1044
=SRC  \\$aESTC

