=LDR  01574 am a2200373   4500
=001  019305915
=003  Uk
=005  20190318102425.0
=008  790922s1765\\\\enk\\\\\\\\\\o000\0\eng\c
=035  \\$a(Uk-ES)006336809
=040  \\$aUk-ES$cUk-ES$dCStRLIN$dUk-ES$edcrmb
=110  1\$aGreat Britain.$bParliament.
=240  10$aBills. 1765-03-07
=245  13$aAn act for dividing and inclosing a certain common fen, in the parishes of Aslackby and Dowsby, in the county of Lincoln, and for draining and improving the said fen; and also certain inclosed low grounds adjoining to the said fen.
=264  \1$a[London] :$b[s.n.],$c[1765]
=300  \\$a19, [1] p. ;$c33 cm (2⁰)
=500  \\$aCaption title.
=500  \\$aDocket title dated 1765.
=500  \\$aEnacted: Private Acts, 5 Geo.III.c.73.
=500  \\$aWoodcut ornaments; woodcut factotum.
=500  \\$aSignatures: A-E².
=510  4\$aESTC,$cT65675
=530  \\$aAlso available on microfilm and in the U.K. Parliamentary Papers database which can be accessed by on-site users.
=650  \0$aFens, The (England)$vEarly works to 1800.
=650  \0$aInclosures$zEngland$zLincolnshire$vEarly works to 1800.
=655  \7$aBills.$2rbgenr
=752  \\$aGreat Britain$bEngland$dLondon.
=852  41$aBritish Library$bHMNTS$jB.S.Ref.2/28.(5)
=856  41$uhttps://parlipapers.proquest.com/parlipapers/docview/t70.d75.pb-001912?$yProquest U.K. Parliamentary Papers
=CAT  \\$a3251$b40$c20190318$lBLL01$h1024
=FIN  \\$aY$d20190318
=FMT  \\$a  BK
=LAS  \\$a3251$b40$c20190318$lBLL01$h1024
=SRC  \\$aESTC

