=LDR  01632 am a2200349   4500
=001  019306075
=003  Uk
=005  20190318151305.0
=008  790922s1765\\\\enk\\\\\\\\\\o000\0\eng\c
=035  \\$a(Uk-ES)006337749
=040  \\$aUk-ES$cUk-ES$dCU-RivES$dCStRLIN$dCU-RivES$dUk-ES$edcrmb
=110  1\$aGreat Britain.$bParliament.
=240  10$aBills. 1765-03-29
=245  12$aA bill for repealing so much of the several laws now in force as prescribes particular standards of width and length for the several woollen cloths made within the West Riding of the county of York, and for substituting other regulations of the cloth trade within the said West Riding, for preventing frauds in certifying the contents of the cloth, and for preserving the credit of the said manfacture at the foreign market.
=264  \1$a[London] :$b[s.n.],$c[1765]
=300  \\$a15, [1] p. ;$c33 cm (2⁰)
=500  \\$aCaption title.
=500  \\$aDocket title dated 1765.
=500  \\$aNot enacted.
=500  \\$aWoodcut ornaments; woodcut factotum.
=500  \\$aSignatures: A-D².
=510  4\$aESTC,$cT66635
=530  \\$aAlso available on microfilm and in the U.K. Parliamentary Papers database which can be accessed by on-site users.
=655  \7$aBills.$2rbgenr
=752  \\$aGreat Britain$bEngland$dLondon.
=852  41$aBritish Library$bHMNTS$jB.S.Ref.2/28.(44)
=856  41$uhttps://parlipapers.proquest.com/parlipapers/docview/t70.d75.pb-001951?$yProquest U.K. Parliamentary Papers
=CAT  \\$a3251$b40$c20190318$lBLL01$h1513
=FIN  \\$aY$d20190318
=FMT  \\$a  BK
=LAS  \\$a3251$b40$c20190318$lBLL01$h1513
=SRC  \\$aESTC

