=LDR  01499 am a2200373   4500
=001  019316137
=003  Uk
=005  20190322100633.0
=008  790922s1765\\\\enk\\\\\\\\\\o000\0\eng\c
=035  \\$a(Uk-ES)006336812
=040  \\$aUk-ES$cUk-ES$dCStRLIN$dUk-ES$edcrmb
=110  1\$aGreat Britain.$bParliament.
=240  10$aBills. 1765-03-05
=245  13$aAn act for draining and improving certain low, marsh, and fen lands, lying between Boston Haven and Bourn, in the parts of Kesteven and Holland, in the county of Lincoln.
=264  \1$a[London],$b[s.n.],$c[1765]
=300  \\$a34, [2] p. ;$c33 cm (2⁰)
=500  \\$aCaption title.
=500  \\$aDocket title dated 1765.
=500  \\$aEnacted: Private Acts, 5 Geo.III.c.86.
=500  \\$aWoodcut head-piece; woodcut factotum.
=500  \\$aSignatures: A-I².
=510  4\$aESTC,$cT65678
=530  \\$aAlso available on microfilm and in the U.K. Parliamentary Papers database which can be accessed by on-site users.
=651  \0$aFens, The (England)$vEarly works to 1800.
=655  \7$aBills.$2rbgenr
=752  \\$aGreat Britain$bEngland$dLondon.
=852  41$aBritish Library$bHMNTS$jB.S.24.e/174.(4)
=852  41$aBritish Library$bHMNTS$jB.S.Ref.2/28.(18)
=856  41$uhttps://parlipapers.proquest.com/parlipapers/docview/t70.d75.pb-001925?$yProquest U.K. Parliamentary Papers
=CAT  \\$a3251$b40$c20190322$lBLL01$h1006
=FIN  \\$aY$d20190322
=FMT  \\$a  BK
=LAS  \\$a3251$b40$c20190322$lBLL01$h1006
=SRC  \\$aESTC

