=LDR  01614 am a2200385   4500
=001  019332928
=003  Uk
=005  20190328095951.0
=008  790922s1766\\\\enk\\\\\\\\\\o000\0\eng\c
=035  \\$a(Uk-ES)006337800
=040  \\$aUk-ES$cUk-ES$dCStRLIN$dUk-ES$edcrmb
=110  1\$aGreat Britain.$bParliament.
=240  10$aBills. 1766-03-20
=245  13$aAn act for dividing and inclosing the open and common fields, meadows, common fen, and other commonable places, in the parish of Bicker, in the county of Lincoln, and for draining and improving the same.
=264  \1$a[London] :$b[s.n.],$c[1766]
=300  \\$a27, [1] p. ;$c32 cm (2⁰)
=500  \\$aCaption title.
=500  \\$aDocket title dated 1766.
=500  \\$aEnacted: Private Acts, 6 Geo.III.c.82.
=500  \\$aCatchword on p. 5: ing.
=500  \\$aSignatures: A-G².
=510  4\$aESTC,$cT66686
=530  \\$aAlso available on microfilm and in the U.K. Parliamentary Papers database which can be accessed by on-site users.
=650  \0$aCommons$zEngland$zLincolnshire$vEarly works to 1800.
=650  \0$aInclosures$zEngland$zLincolnshire$vEarly works to 1800.
=650  \0$aMeadows$zEngland$zLincolnshire$vEarly works to 1800.
=655  \7$aBills.$2rbgenr
=752  \\$aGreat Britain$bEngland$dLondon.
=852  41$aBritish Library$bHMNTS$jB.S.Ref.2/30.(31)
=856  41$uhttps://parlipapers.proquest.com/parlipapers/docview/t70.d75.pb-002090?$yProquest U.K. Parliamentary Papers
=CAT  \\$a3251$b40$c20190328$lBLL01$h0959
=FIN  \\$aY$d20190328
=FMT  \\$a  BK
=LAS  \\$a3251$b40$c20190328$lBLL01$h0959
=SRC  \\$aESTC

