=LDR  01783 am a2200421   4500
=001  019351935
=003  Uk
=005  20190403100712.0
=008  790922s1766\\\\enk\\\\\\\\\\o000\0\eng\c
=035  \\$a(Uk-ES)006337757
=040  \\$aUk-ES$cUk-ES$dCStRLIN$dUk-ES$edcrmb
=110  1\$aGreat Britain.$bParliament.
=240  10$aBills. 1766-01-24
=245  13$aAn act for dividing and inclosing the moor, waste or common in the several townships, villages or hamlets of Upper Heworth and Nether Heworth, in the county of Durham.
=264  \1$a[London] :$b[s.n.],$c[1766]
=300  \\$a16 p. ;$c33 cm (2⁰)
=500  \\$aCaption title.
=500  \\$aDocket title dated 1766.
=500  \\$aEnacted: Private Acts, 6 Geo.III.c.24.
=500  \\$aWoodcut ornaments; woodcut factotum.
=500  \\$aSignatures: A-D².
=510  4\$aESTC,$cT66643
=530  \\$aAlso available on microfilm and in the U.K. Parliamentary Papers database which can be accessed by on-site users.
=650  \0$aCommons$zEngland$zDurham (County)$vEarly works to 1800.
=650  \0$aInclosures$zEngland$zDurham (County)$vEarly works to 1800.
=655  \7$aBills.$2rbgenr
=700  0\$aGeorge$bIII,$cKing of Great Britain,$d1738-1820,$eformer owner.$5Uk
=700  0\$aGeorge$bIV,$cKing of Great Britain,$d1762-1830,$edonor.$5Uk
=752  \\$aGreat Britain$bEngland$dLondon.
=852  41$aBritish Library$bHMNTS$j213.i.5.(4)
=852  41$aBritish Library$bHMNTS$jB.S.Ref.2/29.(21)
=856  41$uhttps://parlipapers.proquest.com/parlipapers/docview/t70.d75.pb-002031?$yProquest U.K. Parliamentary Papers
=CAT  \\$a3251$b40$c20190403$lBLL01$h1004
=CAT  \\$a3251$b40$c20190403$lBLL01$h1007
=FIN  \\$aY$d20190403
=FMT  \\$a  BK
=LAS  \\$a3251$b40$c20190403$lBLL01$h1007
=SRC  \\$aESTC

