=LDR  01688 am a2200409   4500
=001  019362391
=003  Uk
=005  20190409102231.0
=008  790922s1766\\\\enk\\\\\\\\\\o000\0\eng\c
=035  \\$a(Uk-ES)006337767
=040  \\$aUk-ES$cUk-ES$dCStRLIN
=110  1\$aGreat Britain.$bParliament.
=240  10$aBills. 1766-02-03
=245  13$aAn act for inclosing and dividing the common waste grounds, open fields, open meadow grounds and ings, within the parish of Stillington, in the county of York.
=264  \1$a[London] :$b[s.n.],$c[1766]
=300  \\$a19, [1] p. ;$c33 cm (2⁰)
=500  \\$aCaption title.
=500  \\$aDocket title dated 1766.
=500  \\$aEnacted: Private Acts, 6 Geo.III.c.16.
=500  \\$aWoodcut factotum.
=500  \\$aSignatures: A-E².
=510  4\$aESTC,$cT66653
=530  \\$aAlso available on microfilm and in the U.K. Parliamentary Papers database which can be accessed by on-site users.
=650  \0$aCommons$zEngland$zYorkshire$vEarly works to 1800.
=650  \0$aInclosures$zEngland$zYorkshire$vEarly works to 1800.
=655  \7$aBills.$2rbgenr
=700  0\$aGeorge$bIII,$cKing of Great Britain,$d1738-1820,$eformer owner.$5Uk
=700  0\$aGeorge$bIV,$cKing of Great Britain,$d1762-1830,$edonor.$5Uk
=752  \\$aGreat Britain$bEngland$dLondon.
=852  41$aBritish Library$bHMNTS$j213.i.5.(14)
=852  41$aBritish Library$bHMNTS$jB.S.Ref.2/29.(14)
=856  41$uhttps://parlipapers.proquest.com/parlipapers/docview/t70.d75.pb-002024?$yProquest U.K. Parliamentary Papers
=CAT  \\$a3251$b40$c20190409$lBLL01$h1022
=FIN  \\$aY$d20190409
=FMT  \\$a  BK
=LAS  \\$a3251$b40$c20190409$lBLL01$h1022
=SRC  \\$aESTC

