=LDR  01913 am a2200397   4500
=001  019364559
=003  Uk
=005  20190410104033.0
=008  790922s1766\\\\enk\\\\\\\\\\o000\0\eng\c
=035  \\$a(Uk-ES)006337830
=040  \\$aUk-ES$cUk-ES$dCStRLIN$dUk-ES$edcrmb
=110  1\$aGreat Britain.$bParliament.
=240  10$aBills. 1766-03-06
=245  12$aA bill for confirming the sale of part of the estates late of Robert Nedham, Esquire, deceased situate in the kingdom of Ireland, for the term of five hundred years, to George Nedham, Esquire, for confirming an agreement made between the widow and children of the said Robert Nedham, and for vesting part of the said Robert Nedham's said estate in trustees, to be sold for the payment of the debts, legacies, and other incumbrances, affecting such estates; and for other the purposes therein mentioned.
=264  \1$a[London] :$b[s.n.],$c[1766]
=300  \\$a19, [1] p. ;$c32 cm (2⁰)
=500  \\$aCaption title.
=500  \\$aWith a docket title.
=500  \\$aEnacted: Private Acts, 6 Geo.III.c.64.
=500  \\$aWoodcut head-piece.
=500  \\$aSignatures: A-E².
=510  4\$aESTC,$cT66716
=530  \\$aAlso available on microfilm and in the U.K. Parliamentary Papers database which can be accessed by on-site users.
=650  \0$aEncumbrances (Law)$vEarly works to 1800.
=650  \0$aEstate sales$vEarly works to 1800.
=650  \0$aExtinguishment of debts$vEarly works to 1800.
=655  \7$aBills.$2rbgenr
=752  \\$aGreat Britain$bEngland$dLondon.
=852  41$aBritish Library$bHMNTS$jB.S.Ref.2/30.(13)
=856  41$uhttps://parlipapers.proquest.com/parlipapers/docview/t70.d75.pb-002072?$yProquest U.K. Parliamentary Papers
=CAT  \\$a3251$b40$c20190410$lBLL01$h1036
=CAT  \\$a3251$b40$c20190410$lBLL01$h1040
=FIN  \\$aY$d20190410
=FMT  \\$a  BK
=LAS  \\$a3251$b40$c20190410$lBLL01$h1040
=SRC  \\$aESTC

