=LDR  01760 am a2200409   4500
=001  019364774
=003  Uk
=005  20190410152638.0
=008  790922s1766\\\\enk\\\\\\\\\\o000\0\eng\c
=035  \\$a(Uk-ES)006337772
=040  \\$aUk-ES$cUk-ES$dCStRLIN$dUk-ES$edcrmb
=110  1\$aGreat Britain.$bParliament.
=240  10$aBills. 1766-02-13
=245  13$aAn act for dividing and inclosing the commons or waste grounds, called Cuddington, or Bryn Common, within the township of Cuddington with Bryn, in the parish of Weverham, in the county of Chester.
=264  \1$a[London] :$b[s.n.],$c[1766]
=300  \\$a12, [2] p. ;$c33 cm (2⁰)
=500  \\$aCaption title.
=500  \\$aWith a docket title.
=500  \\$aEnacted: Private Acts, 6 Geo.III.c.22.
=500  \\$aWoodcut head-piece; woodcut factotum.
=500  \\$aSignatures: A-C² [chi]1.
=510  4\$aESTC,$cT66658
=530  \\$aAlso available on microfilm and in the U.K. Parliamentary Papers database which can be accessed by on-site users.
=650  \0$aCommons$zEngland$zCheshire$vEarly works to 1800.
=650  \0$aInclosures$zEngland$zCheshire$vEarly works to 1800.
=655  \7$aBills.$2rbgenr
=700  0\$aGeorge$bIII,$cKing of Great Britain,$d1738-1820,$eformer owner.$5Uk
=700  0\$aGeorge$bIV,$cKing of Great Britain,$d1762-1830,$edonor.$5Uk
=752  \\$aGreat Britain$bEngland$dLondon.
=852  41$aBritish Library$bHMNTS$jB.S.Ref.2/29.(19)
=852  41$aBritish Library$bHMNTS$j213.i.5.(18)
=856  41$uhttps://parlipapers.proquest.com/parlipapers/docview/t70.d75.pb-002029?$yProquest U.K. Parliamentary Papers
=CAT  \\$a3251$b40$c20190410$lBLL01$h1526
=FIN  \\$aY$d20190410
=FMT  \\$a  BK
=LAS  \\$a3251$b40$c20190410$lBLL01$h1526
=SRC  \\$aESTC

