=LDR  01767 am a2200409   4500
=001  019365080
=003  Uk
=005  20190411104339.0
=008  790922s1766\\\\enk\\\\\\\\\\o000\0\eng\c
=035  \\$a(Uk-ES)006337774
=040  \\$aUk-ES$cUk-ES$dCStRLIN$dUk-ES$edcrmb
=110  1\$aGreat Britain.$bParliament.
=240  10$aBills. 1766-02-14
=245  13$aAn act for dividing and inclosing the open and common fields, common pastures, common meadows, common grounds, and commonable lands in the township of Winslow, in the county of Bucks.
=264  \1$a[London] :$b(s.n.],$c[1766]
=300  \\$a20, [2] p. ;$c33 cm (2⁰)
=500  \\$aCaption title.
=500  \\$aWith a docket title.
=500  \\$aEnacted: Private Acts, 6 Geo.III.c.15.
=500  \\$aWoodcut head-piece; woodcut factotum.
=500  \\$aSignatures: A-D² E²(-E2) F².
=510  4\$aESTC,$cT66660
=530  \\$aAlso available on microfilm and in the U.K. Parliamentary Papers database which can be accessed by on-site users.
=650  \0$aCommons$zEngland$zBuckinghamshire$vEarly works to 1800.
=650  \0$aInclosures$zEngland$zBuckinghamshire$vEarly works to 1800.
=655  \7$aBills.$2rbgenr
=700  0\$aGeorge$bIII,$cKing of Great Britain,$d1738-1820,$eformer owner.$5Uk
=700  0\$aGeorge$bIV,$cKing of Great Britain,$d1762-1830,$edonor.$5Uk
=752  \\$aGreat Britain$bEngland$dLondon.
=852  41$aBritish Library$bHMNTS$jB.S.Ref.2/29.(13)
=852  41$aBritish Library$bHMNTS$j213.i.5.(20)
=856  41$uhttps://parlipapers.proquest.com/parlipapers/docview/t70.d75.pb-002023?$yProquest U.K. Parliamentary Papers
=CAT  \\$a3251$b40$c20190411$lBLL01$h1043
=FIN  \\$aY$d20190411
=FMT  \\$a  BK
=LAS  \\$a3251$b40$c20190411$lBLL01$h1043
=SRC  \\$aESTC

