=LDR  01940 am a2200397   4500
=001  019368927
=003  Uk
=005  20190416143648.0
=008  790922s1766\\\\enk\\\\\\\\\\o000\0\eng\c
=035  \\$a(Uk-ES)006337776
=040  \\$aUk-ES$cUk-ES$dCStRLIN$dUk-ES$edcrmb
=110  1\$aGreat Britain.$bParliament.
=240  10$aBills. 1766-02-14
=245  13$aAn act for draining and preserving Stretham Common, in the Isle of Ely and county of Cambridge; and for impowering the commissioners for putting in execution an act for the effectual draining and preservation of Waterbeach Level, in the county of Cambridge, and to establish an agreement made between the lord of the manor of Waterbeach cum Denny and the commoners within the said manor, to raise a sum of money to pay the debts owing upon the credit of the said act.
=264  \1$a[London] :$b[s.n.],$c[1766]
=300  \\$a12 p. ;$c33 cm (2⁰)
=500  \\$aCaption title.
=500  \\$aDocket title dated 1766.
=500  \\$aEnacted: Private Acts, 6 Geo.III.c.93.
=500  \\$aWoodcut head-piece; woodcut factotum.
=500  \\$aSignatures: A-C².
=510  4\$aESTC,$cT66662
=530  \\$aAlso available on microfilm and in the U.K. Parliamentary Papers database which can be accessed by on-site users.
=650  \0$aLand tenure$vEarly works to 1800.
=655  \7$aBills.$2rbgenr
=700  0\$aGeorge$bIII,$cKing of Great Britain,$d1738-1820,$eformer owner.$5Uk
=700  0\$aGeorge$bIV,$cKing of Great Britain,$d1762-1830,$edonor.$5Uk
=752  \\$aGreat Britain$bEngland$dLondon.
=852  41$aBritish Library$bHMNTS$jB.S.Ref.2/30.(38)
=852  41$aBritish Library$bHMNTS$j213.i.5.(22)
=856  41$uhttps://parlipapers.proquest.com/parlipapers/docview/t70.d75.pb-002097?$yProquest U.K. Parliamentary Papers
=CAT  \\$a3251$b40$c20190416$lBLL01$h1436
=FIN  \\$aY$d20190416
=FMT  \\$a  BK
=LAS  \\$a3251$b40$c20190416$lBLL01$h1436
=SRC  \\$aESTC

