=LDR  01616 am a2200385   4500
=001  019370150
=003  Uk
=005  20190417124610.0
=008  790922s1766\\\\enk\\\\\\\\\\o000\0\eng\c
=035  \\$a(Uk-ES)006337779
=040  \\$aUk-ES$cUk-ES$dCStRLIN$dUk-ES$edcrmb
=110  1\$aGreat Britain.$bParliament.
=240  10$aBills. 1766-02-24
=245  13$aAn act for dividing and inclosing the open and common fields, common pastures, common meadows, common grounds, and commonable lands, in the parish of Little Horwood, in the county of Bucks.
=264  \1$a[London] :$b[s.n.],$c[1766]
=300  \\$a21, [1] p. ;$c33 cm (2⁰)
=500  \\$aCaption title.
=500  \\$aDocket title dated 1766.
=500  \\$aEnacted: Private Acts, 6 Geo.III.c.25.
=500  \\$aWoodcut head-piece; woodcut factotum.
=500  \\$aSignatures: A-D² E²(-E) F².
=510  4\$aESTC,$cT66665
=530  \\$aAlso available on microfilm and in the U.K. Parliamentary Papers database which can be accessed by on-site users.
=650  \0$aCommons$zEngland$zBuckinghamshire$vEarly works to 1800.
=650  \0$aInclosures$zEngland$zBuckinghamshire$vEarly works to 1800.
=655  \7$aBills.$2rbgenr
=752  \\$aGreat Britain$bEngland$dLondon.
=852  41$aBritish Library$bHMNTS$jB.S.Ref.2/29.(22)
=852  41$aBritish Library$bHMNTS$j213.i.5.(26)
=856  41$uhttps://parlipapers.proquest.com/parlipapers/docview/t70.d75.pb-002032?$yProquest U.K. Parliamentary Papers
=CAT  \\$a3251$b40$c20190417$lBLL01$h1246
=FIN  \\$aY$d20190417
=FMT  \\$a  BK
=LAS  \\$a3251$b40$c20190417$lBLL01$h1246
=SRC  \\$aESTC

