=LDR  01744 am a2200421   4500
=001  019370158
=003  Uk
=005  20190417130334.0
=008  790922s1766\\\\enk\\\\\\\\\\o000\0\eng\c
=035  \\$a(Uk-ES)006337815
=040  \\$aUk-ES$cUk-ES$dCStRLIN$dUk-ES$edcrmb
=110  1\$aGreat Britain.$bParliament.
=240  10$aBills. 1766-01-29
=245  13$aAn act to dissolve the marriage of John Mathews with Ann Mathews his now wife, and to enable him to marry again, and for other purposes therein mentioned.
=264  \1$a[London] :$b[s.n.],$c[1766]
=300  \\$a3, [1] p. ;$c33 cm (2⁰)
=500  \\$aCaption title.
=500  \\$aWith a docket title.
=500  \\$aEnacted: Private Acts, 6 Geo.III.c.18.
=500  \\$aWoodcut head-piece; woodcut factotum.
=500  \\$aSignatures: [A]².
=510  4\$aESTC,$cT66701
=530  \\$aAlso available on microfilm and in the U.K. Parliamentary Papers database which can be accessed by on-site users.
=600  10$aMathews, John$xDivorce$vEarly works to 1800.
=600  10$aMathews, Ann$xDivorce$vEarly works to 1800.
=650  \0$aDivorce$vEarly works to 1800.
=655  \7$aBills.$2rbgenr
=700  0\$aGeorge$bIII,$cKing of Great Britain,$d1738-1820,$eformer owner.$5Uk
=700  0\$aGeorge$bIV,$cKing of Great Britain,$d1762-1830,$edonor.$5Uk
=752  \\$aGreat Britain$bEngland$dLondon.
=852  41$aBritish Library$bHMNTS$j213.i.5.(27)
=852  41$aBritish Library$bHMNTS$jB.S.Ref.2/29.(16)
=856  41$uhttps://parlipapers.proquest.com/parlipapers/docview/t70.d75.pb-002026?$yProquest U.K. Parliamentary Papers
=CAT  \\$a3251$b40$c20190417$lBLL01$h1303
=FIN  \\$aY$d20190417
=FMT  \\$a  BK
=LAS  \\$a3251$b40$c20190417$lBLL01$h1303
=SRC  \\$aESTC

