=LDR  01773 am a2200409   4500
=001  019370653
=003  Uk
=005  20190418101255.0
=008  790922s1766\\\\enk\\\\\\\\\\o000\0\eng\c
=035  \\$a(Uk-ES)006337788
=040  \\$aUk-ES$cUk-ES$dCStRLIN$dUk-ES$edcrmb
=110  1\$aGreat Britain.$bParliament.
=240  10$aBills. 1766-03-03
=245  13$aAn act for dividing and inclosing the common fields and other commonable lands and grounds in the parish of Hexton, in the county of Hertford, except a common pasture called the Cow Common.
=264  \1$a[London] :$b[s.n.],$c[1766]
=300  \\$a16, [2] p. ;$c33 cm (2⁰)
=500  \\$aCaption title.
=500  \\$aDocket title dated 1766.
=500  \\$aEnacted: Private Acts, 6 Geo.III.c.50.
=500  \\$aWoodcut head-piece; woodcut factotum.
=500  \\$aSignatures: A-C² D²(-D2) E².
=510  4\$aESTC,$cT66674
=530  \\$aAlso available on microfilm and in the U.K. Parliamentary Papers database which can be accessed by on-site users.
=650  \0$aCommons$zEngland$zHertfordshire$vEarly works to 1800.
=650  \0$aInclosures$zEngland$zHertfordshire$vEarly works to 1800.
=655  \7$aBills.$2rbgenr
=700  0\$aGeorge$bIII,$cKing of Great Britain,$d1738-1820,$eformer owner.$5Uk
=700  0\$aGeorge$bIV,$cKing of Great Britain,$d1762-1830,$edonor.$5Uk
=752  \\$aGreat Britain$bEngland$dLondon.
=852  41$aBritish Library$bHMNTS$jB.S.Ref.2/29.(45)
=852  41$aBritish Library$bHMNTS$j213.i.5.(31)
=856  41$uhttps://parlipapers.proquest.com/parlipapers/docview/t70.d75.pb-002055?$yProquest U.K. Parliamentary Papers
=CAT  \\$a3251$b40$c20190418$lBLL01$h1012
=FIN  \\$aY$d20190418
=FMT  \\$a  BK
=LAS  \\$a3251$b40$c20190418$lBLL01$h1012
=SRC  \\$aESTC

