=LDR  01693 am a2200397   4500
=001  019377073
=003  Uk
=005  20190424153551.0
=008  790922s1766\\\\enk\\\\\\\\\\o000\0\eng\c
=035  \\$a(Uk-ES)006337785
=040  \\$aUk-ES$cUk-ES$dCStRLIN$dUk-ES$edcrmb
=110  1\$aGreat Britain.$bParliament.
=240  10$aBills. 1766-03-03
=245  13$aAn act for inclosing and dividing a common called Thorpe Marsh, and a piece of land called Grumble Hirst, within the parish of Barmby upon Dunn, in the county of York.
=264  \1$a[London] :$b[s.n.],$c[1766]
=300  \\$a12 p. ;$c33 cm (2⁰)
=500  \\$aDocket title dated 1766.
=500  \\$aEnacted: Private Acts, 6 Geo.III.c.72.
=500  \\$aWoodcut ornaments; woodcut factotum.
=500  \\$aSignatures: A-C².
=510  4\$aESTC,$cT66671
=530  \\$aAlso available on microfilm and in the U.K. Parliamentary Papers database which can be accessed by on-site users.
=650  \0$aCommons$zEngland$zYorkshire$vEarly works to 1800.
=650  \0$aInclosures$zEngland$zYorkshire$vEarly works to 1800.
=655  \7$aBills.$2rbgenr
=700  0\$aGeorge$bIII,$cKing of Great Britain,$d1738-1820,$eformer owner.$5Uk
=700  0\$aGeorge$bIV,$cKing of Great Britain,$d1762-1830,$edonor.$5Uk
=752  \\$aGreat Britain$bEngland$dLondon.
=852  41$aBritish Library$bHMNTS$j213.i.5.(33)
=852  41$aBritish Library$bHMNTS$jB.S.Ref.2/30.(21)
=856  41$uhttps://parlipapers.proquest.com/parlipapers/docview/t70.d75.pb-002080?$yProquest U.K. Parliamentary Papers
=CAT  \\$a3251$b40$c20190424$lBLL01$h1535
=FIN  \\$aY$d20190424
=FMT  \\$a  BK
=LAS  \\$a3251$b40$c20190424$lBLL01$h1535
=SRC  \\$aESTC

