=LDR  01941 am a2200433   4500
=001  019377183
=003  Uk
=005  20190425095238.0
=008  790922s1766\\\\enk\\\\\\\\\\o000\0\eng\c
=035  \\$a(Uk-ES)006337793
=040  \\$aUk-ES$cUk-ES$dCStRLIN$dUk-ES$edcrmb
=110  1\$aGreat Britain.$bParliament.
=240  10$aBills. 1766-03-07
=245  13$aAn act for dividing and inclosing the open and common field, downs and commonable lands, and allotting the old inclosures herein aftermentioned, lying within the township and parish of Hatherop, in the county of Gloucester.
=264  \1$a[London] :$b[s.n.],$c[1766]
=300  \\$a25, [1] p. ;$c33 cm (2⁰)
=500  \\$aCaption title.
=500  \\$aDocket title dated 1766.
=500  \\$aEnacted: Private Acts, 6 Geo.III.c.32.
=500  \\$aWoodcut head-piece; woodcut factotum.
=500  \\$aSignatures: A-E² F²(-F2) G².
=510  4\$aESTC,$cT66679
=530  \\$aAlso available on microfilm and in the U.K. Parliamentary Papers database which can be accessed by on-site users.
=650  \0$aAllotment of land$zEngland$zGloucestershire$vEarly works to 1800.
=650  \0$aCommons$zEngland$zGloucestershire$vEarly works to 1800.
=650  \0$aInclosures$zEngland$zGloucestershire$vEarly works to 1800.
=655  \7$aBills.$2rbgenr
=700  0\$aGeorge$bIII,$cKing of Great Britain,$d1738-1820,$eformer owner.$5Uk
=700  0\$aGeorge$bIV,$cKing of Great Britain,$d1762-1830,$edonor.$5Uk
=752  \\$aGreat Britain$bEngland$dLondon.
=852  41$aBritish Library$bHMNTS$j213.i.5.(34)
=852  41$aBritish Library$bHMNTS$jB.S.Ref.2/29.(29)
=856  41$uhttps://parlipapers.proquest.com/parlipapers/docview/t70.d75.pb-002039?$yProquest U.K. Parliamentary Papers
=CAT  \\$a3251$b40$c20190425$lBLL01$h0948
=CAT  \\$a3251$b40$c20190425$lBLL01$h0952
=FIN  \\$aY$d20190425
=FMT  \\$a  BK
=LAS  \\$a3251$b40$c20190425$lBLL01$h0952
=SRC  \\$aESTC

