=LDR  01985 am a2200385   4500
=001  019377781
=003  Uk
=005  20190426125044.0
=008  790922s1766\\\\enk\\\\\\\\\\o000\0\eng\c
=035  \\$a(Uk-ES)006337791
=040  \\$aUk-ES$cUk-ES$dCU-RivES$dCStRLIN$dUk-ES$edcrmb
=110  1\$aGreat Britain.$bParliament.
=240  10$aBills. 1766-03-07
=245  13$aAn act to render more effectual an act made in the fourth year of his present Majesty, for draining, preserving and improving the low grounds and carrs, lying and being in the parishes, townships, hamlets, lordships, precints and territories of Sutton, Ganstead, Swine, Benningholme, Benningholme-Grange and Fairholme, North Skirlaugh, Rowton, Arnold, Long Riston, Leven, Heigholme and Hallytree Holme, Brandes Burton and Bursall, Eske, Tickton, Weel, Routh, Meaux and Waghen, otherwise Wawn, in Holderness, in the East Riding of the county of York.
=264  \1$a[London] :$b[s.n.],$c[1766]
=300  \\$a11, [1] p. ;$c33 cm (2⁰)
=500  \\$aCaption title.
=500  \\$aDocket title dated 1766.
=500  \\$aEnacted: Private Acts, 6 Geo.III.c.74.
=500  \\$aWoodcut ornaments; woodcut factotum.
=500  \\$aSignatures: A-C².
=510  4\$aESTC,$cT66677
=530  \\$aAlso available on microfilm and in the U.K. Parliamentary Papers database which can be accessed by on-site users.
=655  \7$aBills$2rbgenr
=700  0\$aGeorge$bIII,$cKing of Great Britain,$d1738-1820,$eformer owner.$5Uk
=700  0\$aGeorge$bIV,$cKing of Great Britain,$d1762-1830,$edonor.$5Uk
=752  \\$aGreat Britain$bEngland$dLondon.
=852  41$aBritish Library$bHMNTS$jB.S.Ref.2/30.(23)
=852  41$aBritish Library$bHMNTS$j213.i.5.(36)
=856  41$uhttps://parlipapers.proquest.com/parlipapers/docview/t70.d75.pb-002082?$yProquest U.K. Parliamentary Papers
=CAT  \\$a3251$b40$c20190426$lBLL01$h1250
=FIN  \\$aY$d20190426
=FMT  \\$a  BK
=LAS  \\$a3251$b40$c20190426$lBLL01$h1250
=SRC  \\$aESTC

