=LDR  01643 am a2200397   4500
=001  019377785
=003  Uk
=005  20190426130838.0
=008  790922s1766\\\\enk\\\\\\\\\\o000\0\eng\c
=035  \\$a(Uk-ES)006337792
=040  \\$aUk-ES$cUk-ES$dCStRLIN$dUk-ES$edcrmb
=110  1\$aGreat Britain.$bParliament.
=240  10$aBills. 1766-03-07
=245  13$aAn act for dividing and inclosing the several commons and waste grounds, within the manor of Bradnop, in the parish of Leek, in the county of Stafford.
=264  \1$a[London] :$b[s.n.],$c[1766]
=300  \\$a15, [1] p. ;$c33 cm (2⁰)
=500  \\$aCaption title.
=500  \\$aEnacted: Private Act, 6 Geo.III.c.29.
=500  \\$aWith a docket title.
=500  \\$aWoodcut ornaments; woodcut factotum.
=500  \\$aSignatures: A-D².
=510  4\$aESTC,$cT66678
=530  \\$aAlso available on microfilm and in the U.K. Parliamentary Papers database which can be accessed by on-site users.
=650  \0$aCommons$zEngland$zStaffordshire$vEarly works to 1800.
=655  \7$aBills.$2rbgenr
=700  0\$aGeorge$bIII,$cKing of Great Britain,$d1738-1820,$eformer owner.$5Uk
=700  0\$aGeorge$bIV,$cKing of Great Britain,$d1762-1830,$edonor.$5Uk
=752  \\$aGreat Britain$bEngland$dLondon.
=852  41$aBritish Library$bHMNTS$j213.i.5.(37)
=852  41$aBritish Library$bHMNTS$jB.S.Ref.2/29.(26)
=856  41$uhttps://parlipapers.proquest.com/parlipapers/docview/t70.d75.pb-002036?$yProquest U.K. Parliamentary Papers
=CAT  \\$a3251$b40$c20190426$lBLL01$h1308
=FIN  \\$aY$d20190426
=FMT  \\$a  BK
=LAS  \\$a3251$b40$c20190426$lBLL01$h1308
=SRC  \\$aESTC

