=LDR  02030 am a2200421   4500
=001  019380990
=003  Uk
=005  20190430152820.0
=008  790922s1766\\\\enk\\\\\\\\\\o000\0\eng\c
=035  \\$a(Uk-ES)006337818
=040  \\$aUk-ES$cUk-ES$dCStRLIN$dUk-ES$edcrmb
=110  1\$aGreat Britain.$bParliament.
=240  10$aBills. 1766-02-01
=245  13$aAn act for vesting part of the fee-simple estate of George, late Lord Viscount Midleton, of the Kingdom of Ireland, in trustees, to be sold for paying the debts, legacies, and incumbrancoes mentioned in and appointed to be paid by his will; and for executing and effectuating several contracts entered into by him for selling and leasing divers farms and lands in Ireland; and for making exemplification of his will evidence in law and equity.
=264  \1$a[London]$b[s.n.],$c[1766]
=300  \\$a23, [1] p. ;$c33 cm (2⁰)
=500  \\$aCapton title.
=500  \\$aWith a docket title.
=500  \\$aEnacted: Private Acts, 6 Geo.III.c.39.
=500  \\$aWoodcut head-piece; woodcut factotum.
=500  \\$aSignatures: A-F².
=510  4\$aESTC,$cT66704
=530  \\$aAlso available on microfilm and in the U.K. Parliamentary Papers database which can be accessed by on-site users.
=650  \0$aEncumbrances (Law)$vEarly works to 1800.
=650  \0$aExtinguishment of debts$vEarly works to 1800.
=650  \0$aLegacies$vEarly works to 1800.
=655  \7$aBills.$2rbgenr
=700  0\$aGeorge$bIII,$cKing of Great Britain,$d1738-1820,$eformer owner.$5Uk
=700  0\$aGeorge$bIV,$cKing of Great Britain,$d1762-1830,$edonor.$5Uk
=752  \\$aGreat Britain$bEngland$dLondon.
=852  41$aBritish Library$bHMNTS$jB.S.Ref.2/29.(34)
=852  41$aBritish Library$bHMNTS$j213.i.5.(40)
=856  41$uhttps://parlipapers.proquest.com/parlipapers/docview/t70.d75.pb-002044?$yProquest U.K. Parliamentary Papers
=CAT  \\$a3251$b40$c20190430$lBLL01$h1528
=FIN  \\$aY$d20190430
=FMT  \\$a  BK
=LAS  \\$a3251$b40$c20190430$lBLL01$h1528
=SRC  \\$aESTC

