=LDR  01778 am a2200421   4500
=001  019381001
=003  Uk
=005  20190430154046.0
=008  790922s1766\\\\enk\\\\\\\\\\o000\0\eng\c
=035  \\$a(Uk-ES)006337816
=040  \\$aUk-ES$cUk-ES$dCStRLIN$dUk-ES$edcrmb
=110  1\$aGreat Britain.$bParliament.
=240  10$aBills. 1766-02-17
=245  13$aAn act to dissolve the marriage of Charles Aldcroft, gentleman, with Sarah Shewell, his now wife, and to enable him to marry again; and for other purposes therein mentioned.
=264  \1$a[London] :$b[s.n.],$c[1766]
=300  \\$a3, [1] p. ;$c33 cm (2⁰)
=500  \\$aCaption title.
=500  \\$aDocket title dated 1766.
=500  \\$aEnacted: Private Acts, 6 Geo.III.c.35.
=500  \\$aWoodcut ornaments; woodcut factotum.
=500  \\$aSignatures: [A]².
=510  4\$aESTC,$cT66702
=530  \\$aAlso available on microfilm and in the U.K. Parliamentary Papers database which can be accessed by on-site users.
=600  10$a[Aldcroft, Charles,]$xDivorce$vEarly works to 1800.
=600  10$a[Shewell, Sarah,]$xDivorce$vEarly works to 1800.
=650  \0$aDivorce$vEarly works to 1800.
=655  \7$aBills.$2rbgenr
=700  0\$aGeorge$bIII,$cKing of Great Britain,$d1738-1820,$eformer owner.$5Uk
=700  0\$aGeorge$bIV,$cKing of Great Britain,$d1762-1830,$edonor.$5Uk
=752  \\$aGreat Britain$bEngland$dLondon.
=852  41$aBritish Library$bHMNTS$jB.S.Ref.2/29.(32)
=852  41$aBritish Library$bHMNTS$j213.i.5.(41)
=856  41$uhttps://parlipapers.proquest.com/parlipapers/docview/t70.d75.pb-002042?$yProquest U.K. Parliamentary Papers
=CAT  \\$a3251$b40$c20190430$lBLL01$h1540
=FIN  \\$aY$d20190430
=FMT  \\$a  BK
=LAS  \\$a3251$b40$c20190430$lBLL01$h1540
=SRC  \\$aESTC

