=LDR  01703 am a2200409   4500
=001  019384228
=003  Uk
=005  20190501142906.0
=008  790922s1766\\\\enk\\\\\\\\\\o000\0\eng\c
=035  \\$a(Uk-ES)006337795
=040  \\$aUk-ES$cUk-ES$dCStRLIN$dUk-ES$edcrmb
=110  1\$aGreat Britain.$bParliament.
=240  10$aBills. 1766-03-13
=245  13$aAn act for dividing and inclosing the open and common fields of Lubnam, otherwise Lubenham, in the county of Leicester.
=264  \1$a[London] :$b[s.n.],$c[1766]
=300  \\$a16, [2] p. ;$c33 cm (2⁰)
=500  \\$aCaption title.
=500  \\$aDocket title dated 1766.
=500  \\$aEnacted: Private Acts, 6 Geo.III.c.55.
=500  \\$aWoodcut ornaments; woodcut factotum.
=500  \\$aSignatures: A-C² D²(-D2) E².
=510  4\$aESTC,$cT66681
=530  \\$aAlso available on microfilm and in the U.K. Parliamentary Papers database which can be accessed by on-site users.
=650  \0$aCommons$zEngland$zLeicestershire$vEarly works to 1800.
=650  \0$aInclosures$zEngland$zLeicestershire$vEarly works to 1800.
=655  \7$aBills.$2rbgenr
=700  0\$aGeorge$bIII,$cKing of Great Britain,$d1738-1820,$eformer owner.$5Uk
=700  0\$aGeorge$bIV,$cKing of Great Britain,$d1762-1830,$edonor.$5Uk
=752  \\$aGreat Britain$bEngland$dLondon.
=852  41$aBritish Library$bHMNTS$j213.i.5.(42)
=852  41$aBritish Library$bHMNTS$jB.S.Ref.2/30.(3)
=856  41$uhttps://parlipapers.proquest.com/parlipapers/docview/t70.d75.pb-002062?$yProquest U.K. Parliamentary Papers
=CAT  \\$a3251$b40$c20190501$lBLL01$h1429
=FIN  \\$aY$d20190501
=FMT  \\$a  BK
=LAS  \\$a3251$b40$c20190501$lBLL01$h1429
=SRC  \\$aESTC

