=LDR  01815 am a2200421   4500
=001  019388717
=003  Uk
=005  20190502101012.0
=008  790922s1766\\\\enk\\\\\\\\\\o000\0\eng\c
=035  \\$a(Uk-ES)006337798
=040  \\$aUk-ES$cUk-ES$dCU-RivES$dCStRLIN$dCU-RivES$dUk-ES$edcrmb
=110  1\$aGreat Britain.
=240  10$aPrivate Acts. 1766. 6 Geo.III.c.52
=245  13$aAn act for allotting, dividing, inclosing, and draining, several open and common fields, meadows, waste and fen grounds, within the manor and parish of Bourn, in the county of Lincoln.
=264  \1$a[London] :$b[s.n.],$c[1766]
=300  \\$a25, [1] p. ;$c33 cm (2⁰)
=500  \\$aCaption title.
=500  \\$aDocket title dated: 1766.
=500  \\$aCatchword on p.13: And.
=500  \\$aA variant has no catchword on p.13.
=500  \\$aWoodcut ornaments; woodcut factotum.
=500  \\$aSignatures: A-E² F²(-F2) G².
=510  4\$aESTC,$cT66684
=530  \\$aAlso available on microfilm and in the U.K. Parliamentary Papers database which can be accessed by on-site users.
=650  \0$aCommons$zEngland$zLincolnshire$vEarly works to 1800.
=650  \0$aReclamation of land$zEngland$zLincolnshire.
=655  \7$aBills.$2rbgenr
=700  0\$aGeorge$bIII,$cKing of Great Britain,$d1738-1820,$eformer owner.$5Uk
=700  0\$aGeorge$bIV,$cKing of Great Britain,$d1762-1830,$edonor.$5Uk
=752  \\$aGreat Britain$bEngland$dLondon.
=852  41$aBritish Library$bHMNTS$j213.i.5.(46)
=852  41$aBritish Library$bHMNTS$jB.S.Ref.2/29.(47)
=856  41$uhttps://parlipapers.proquest.com/parlipapers/docview/t70.d75.pb-002057?$yProquest U.K. Parliamentary Papers
=CAT  \\$a3251$b40$c20190502$lBLL01$h1010
=FIN  \\$aY$d20190502
=FMT  \\$a  BK
=LAS  \\$a3251$b40$c20190502$lBLL01$h1010
=SRC  \\$aESTC

