=LDR  01742 am a2200397   4500
=001  019388718
=003  Uk
=005  20190502102543.0
=008  790922s1766\\\\enk\\\\\\\\\\o000\0\eng\c
=035  \\$a(Uk-ES)006337821
=040  \\$aUk-ES$cUk-ES$dCStRLIN$dUk-ES$edcrmb
=110  1\$aGreat Britain.$bParliament.
=240  10$aBills. 1766-02-17
=245  13$aAn act for vesting several copyhold estates of Ann Blagrave, widow, and others, in trustees, to be sold; and for laying out the money arising thereby in the purchase of other estates, to be settled to the same uses to which the said copyhold estates stand limited.
=264  \1$a[London] :$b[s.n.],$c[1766]
=300  \\$a7, [1] p. ;$c33 cm (2⁰)
=500  \\$aCaption title.
=500  \\$aDocket title dated 1766.
=500  \\$aEnacted: Private Acts, 6 Geo.III.c.42.
=500  \\$aWoodcut head-piece; woodcut factotum.
=500  \\$aSignatures: A-B².
=510  4\$aESTC,$cT66707
=530  \\$aAlso available on microfilm and in the U.K. Parliamentary Papers database which can be accessed by on-site users.
=650  \0$aEstate sales$vEarly works to 1800.
=655  \7$aBills.$2rbgenr
=700  0\$aGeorge$bIII,$cKing of Great Britain,$d1738-1820,$eformer owner.$5Uk
=700  0\$aGeorge$bIV,$cKing of Great Britain,$d1762-1830,$edonor.$5Uk
=752  \\$aGreat Britain$bEngland$dLondon.
=852  41$aBritish Library$bHMNTS$jB.S.Ref.2/29.(37)
=852  41$aBritish Library$bHMNTS$j213.i.5.(47)
=856  41$uhttps://parlipapers.proquest.com/parlipapers/docview/t70.d75.pb-002047?$yProquest U.K. Parliamentary Papers
=CAT  \\$a3251$b40$c20190502$lBLL01$h1025
=FIN  \\$aY$d20190502
=FMT  \\$a  BK
=LAS  \\$a3251$b40$c20190502$lBLL01$h1025
=SRC  \\$aESTC

