=LDR  02010 am a2200409   4500
=001  019389868
=003  Uk
=005  20190503122257.0
=008  790922s1766\\\\enk\\\\\\\\\\o000\0\eng\c
=035  \\$a(Uk-ES)006337833
=040  \\$aUk-ES$cUk-ES$dCStRLIN$dUk-ES$edcrmb
=110  1\$aGreat Britain.$bParliament.
=240  10$aBills. 1766-03-20
=245  13$aAn act for vesting certain estates in the county of Lincoln, in trustees and to enable them to appropriate the rents and profits thereof; and also certain sums of money, (subject to the trusts declared by the will of Sir Michael Warton Knight deceased) for the augmentation of the revenues of the curacies in the late collegiate church of Saint John in Beverley, in the county of York; and for erecting an organ inthe said church, and for other purposes therein mentioned.
=264  \1$a[London] :$b[s.n.],$c[1766]
=300  \\$a15, [1] p. ;$c33 cm (2⁰)
=500  \\$aCaption title.
=500  \\$aWith a docket title.
=500  \\$aEnacted: Private Acts, 6 Geo.III.c.83.
=500  \\$aWoodcut ornaments; woodcut factotum.
=500  \\$aSignatures: A-D².
=510  4\$aESTC,$cT66720
=530  \\$aAlso available on microfilm and in the U.K. Parliamentary Papers database which can be accessed by on-site users.
=650  \0$aInheritance and succession$vEarly works to 1800.
=650  \0$aLand tenure$vEarly works to 1800.
=655  \7$aBills.$2rbgenr
=700  0\$aGeorge$bIII,$cKing of Great Britain,$d1738-1820,$eformer owner.$5Uk
=700  0\$aGeorge$bIV,$cKing of Great Britain,$d1762-1830,$edonor.$5Uk
=752  \\$aGreat Britain$bEngland$dLondon.
=852  41$aBritish Library$bHMNTS$jB.S.Ref.2/30.(32)
=852  41$aBritish Library$bHMNTS$j213.i.5.(49)
=856  41$uhttps://parlipapers.proquest.com/parlipapers/docview/t70.d75.pb-002091?$yProquest U.K. Parliamentary Papers
=CAT  \\$a3251$b40$c20190503$lBLL01$h1222
=FIN  \\$aY$d20190503
=FMT  \\$a  BK
=LAS  \\$a3251$b40$c20190503$lBLL01$h1222
=SRC  \\$aESTC

