=LDR  01686 am a2200397   4500
=001  019389884
=003  Uk
=005  20190503130753.0
=008  790922s1766\\\\enk\\\\\\\\\\o000\0\eng\c
=035  \\$a(Uk-ES)006337803
=040  \\$aUk-ES$cUk-ES$dCStRLIN$dUk-ES$edcrmb
=110  1\$aGreat Britain.$bParliament.
=240  10$aBills. 1766-03-21
=245  13$aAn act for dividing and inclosing certain open common fields, lands and grounds in the parish of Pattrington in Holderness, in the East Riding of the county of York.
=264  \1$a[London] :$b[s.n.],$c[1766]
=300  \\$a25, [1] p. ;$c33 cm (2⁰)
=500  \\$aCaption title.
=500  \\$aDocket title dated 1766.
=500  \\$aEnacted: Private Acts, 6 Geo.III.c.53.
=500  \\$aSignatures: A-E² F²(-F2) G².
=510  4\$aESTC,$cT66689
=530  \\$aAlso available on microfilm and in the U.K. Parliamentary Papers database which can be accessed by on-site users.
=650  \0$aCommons$zEngland$zYorkshire$vEarly works to 1800.
=650  \0$aInclosures$zEngland$zYorkshire$vEarly works to 1800.
=655  \7$aBills.$2rbgenr
=700  0\$aGeorge$bIII,$cKing of Great Britain,$d1738-1820,$eformer owner.$5Uk
=700  0\$aGeorge$bIV,$cKing of Great Britain,$d1762-1830,$edonor.$5Uk
=752  \\$aGreat Britain$bEngland$dLondon.
=852  41$aBritish Library$bHMNTS$jB.S.Ref.2/30.(1)
=852  41$aBritish Library$bHMNTS$j213.i.5.(52)
=856  41$uhttps://parlipapers.proquest.com/parlipapers/docview/t70.d75.pb-002060?$yProquest U.K. Parliamentary Papers
=CAT  \\$a3251$b40$c20190503$lBLL01$h1307
=FIN  \\$aY$d20190503
=FMT  \\$a  BK
=LAS  \\$a3251$b40$c20190503$lBLL01$h1307
=SRC  \\$aESTC

