=LDR  01829 am a2200397   4500
=001  019397276
=003  Uk
=005  20190508150611.0
=008  790922s1766\\\\enk\\\\\\\\\\o000\0\eng\c
=035  \\$a(Uk-ES)006337823
=040  \\$aUk-ES$cUk-ES$dCU-RivES$dCStRLIN$dCU-RivES$dUk-ES$edcrmb
=110  1\$aGreat Britain.$bParliament.
=240  10$aBills. 1766-03-03
=245  13$aAn act to impower John Jones, Esquire, and Margaretta Maria his wife, late Margaretta Maria Weller, widow, and other devisees of John Maryon, clerk, deceased, to make leases of the manor of Charlton, and of lands, tenements, and hereditaments in the said manor, and also the parishes of Woolwich and Plumstead, in the county of Kent.
=264  \1$a[London] :$b[s.n.],$c[1766]
=300  \\$a7, [1] p. ;$c33 cm (2⁰)
=500  \\$aCaption title.
=500  \\$aDocket title dated 1766.
=500  \\$aEnacted: Private Acts, 6 Geo.III.c.43.
=500  \\$aWoodcut head-piece; woodcut factotum.
=500  \\$aSignatures: A-B².
=510  4\$aESTC,$cT66709
=530  \\$aAlso available on microfilm and in the U.K. Parliamentary Papers database which can be accessed by on-site users.
=655  \7$aBills.$2rbgenr.
=700  0\$aGeorge$bIII,$cKing of Great Britain,$d1738-1820,$eformer owner.$5Uk
=700  0\$aGeorge$bIV,$cKing of Great Britain,$d1762-1830,$edonor.$5Uk
=752  \\$aGreat Britain$bEngland$dLondon.
=852  41$aBritish Library$bHMNTS$jB.S.Ref.2/29.(38)
=852  41$aBritish Library$bHMNTS$j213.i.5.(54)
=856  41$uhttps://parlipapers.proquest.com/parlipapers/docview/t70.d75.pb-002048?$yProquest U.K. Parliamentary Papers
=CAT  \\$a3251$b40$c20190508$lBLL01$h1451
=CAT  \\$a3251$b40$c20190508$lBLL01$h1506
=FIN  \\$aY$d20190508
=FMT  \\$a  BK
=LAS  \\$a3251$b40$c20190508$lBLL01$h1506
=SRC  \\$aESTC

