=LDR  01806 am a2200397   4500
=001  019397285
=003  Uk
=005  20190508150706.0
=008  790922s1766\\\\enk\\\\\\\\\\o000\0\eng\c
=035  \\$a(Uk-ES)006337819
=040  \\$aUk-ES$cUk-ES$dCStRLIN$dUk-ES$edcrmb
=110  1\$aGreat Britain.$bParliament.
=240  10$aBills. 1766-03-03
=245  13$aAn act for vesting certain manors, messuages, farms, lands, tenements, and hereditaments, in the county of Surry, devised by the will of Sir William Clayton, baronet, deceased, in trustees, to be sold; and for applying the monies arising by such sale in the purchase of other lands, to be settled to the like uses.
=264  \1$a[London] :$b[s.n.],$c[1766]
=300  \\$a6, [2] p. ;$c33 cm (2⁰)
=500  \\$aCaption title.
=500  \\$aDocket title dated 1766.
=500  \\$aEnacted: Private Acts, 6 Geo.III.c.40.
=500  \\$aWoodcut head-piece; woodcut factotum.
=500  \\$aSignatures: A-B².
=510  4\$aESTC,$cT66705
=530  \\$aAlso available on microfilm and in the U.K. Parliamentary Papers database which can be accessed by on-site users.
=650  \0$aSale of decedents' estates$vEarly works to 1800.
=655  \7$aBills.$2rbgenr
=700  0\$aGeorge$bIII,$cKing of Great Britain,$d1738-1820,$eformer owner.$5Uk
=700  0\$aGeorge$bIV,$cKing of Great Britain,$d1762-1830,$edonor.$5Uk
=752  \\$aGreat Britain$bEngland$dLondon.
=852  41$aBritish Library$bHMNTS$jB.S.Ref.2/29.(35)
=852  41$aBritish Library$bHMNTS$j213.i.5.(55)
=856  41$uhttps://parlipapers.proquest.com/parlipapers/docview/t70.d75.pb-002045?$yProquest U.K. Parliamentary Papers
=CAT  \\$a3251$b40$c20190508$lBLL01$h1507
=FIN  \\$aY$d20190508
=FMT  \\$a  BK
=LAS  \\$a3251$b40$c20190508$lBLL01$h1507
=SRC  \\$aESTC

