=LDR  01556 am a2200385   4500
=001  019397580
=003  Uk
=005  20190509121340.0
=008  790922s1766\\\\enk\\\\\\\\\\o000\0\eng\c
=035  \\$a(Uk-ES)006338572
=040  \\$aUk-ES$cUk-ES$dCStRLIN$dUk-ES$edcrmb
=110  1\$aGreat Britain.$bParliament.
=240  10$aBills. 1766-02-26
=245  13$aAn act for vesting part of the settled estate of Sir John Chetwode, baronet, in trustees, to be sold, for discharging incumbrances affecting the same.
=264  \1$a[London] :$b[s.n.],$c[1766]
=300  \\$a11, [1] p. ;$c32 cm (2⁰)
=500  \\$aCaption title.
=500  \\$aDocket title dated 1766.
=500  \\$aEnacted: Private Acts, 6 Geo.III.c.34.
=500  \\$aWoodcut head-piece; woodcut factotum.
=500  \\$aPages 9-11 text without blanks. (See ESTC T119779).
=500  \\$aSignatures: [A]² B-C².
=510  4\$aESTC,$cT67481
=530  \\$aAlso available on microfilm and in the U.K. Parliamentary Papers database which can be accessed by on-site users.
=650  \0$aEncumbrances (Law)$vEarly works to 1800.
=650  \0$aEstate sales$zEngland$vEarly works to 1800.
=655  \7$aBills.$2rbgenr
=752  \\$aGreat Britain$bEngland$dLondon.
=852  41$aBritish Library$bHMNTS$jB.S.Ref.2/29.(31)
=856  41$uhttps://parlipapers.proquest.com/parlipapers/docview/t70.d75.pb-002041?$yProquest U.K. Parliamentary Papers
=CAT  \\$a3251$b40$c20190509$lBLL01$h1213
=FIN  \\$aY$d20190509
=FMT  \\$a  BK
=LAS  \\$a3251$b40$c20190509$lBLL01$h1213
=SRC  \\$aESTC

