=LDR  01568 am a2200385   4500
=001  019403641
=003  Uk
=005  20190515144218.0
=008  790922s1766\\\\enk\\\\\\\\\\o000\0\eng\c
=035  \\$a(Uk-ES)006337817
=040  \\$aUk-ES$cUk-ES$dCU-RivES$dCStRLIN$dCU-RivES$dUk-ES$edcrmb
=110  1\$aGreat Britain.$bParliament.
=240  10$aBills. 1766-03-07
=245  13$aAn act to enable the dean and chapter of Canterbury, to grant leases of their estate, in the parish of St. Olave, Southwark.
=264  \1$a[London] :$b[s.n.],$c[1766]
=300  \\$a3, [1] p. ;$c33 cm (2⁰)
=500  \\$aCaption title.
=500  \\$aDocket title dated 1766.
=500  \\$aEnacted: Private Acts, 6 Geo.III.c.38.
=500  \\$aWoodcut ornaments; woodcut factotum.
=500  \\$aSignatures: A².
=510  4\$aESTC,$cT66703
=530  \\$aAlso available on microfilm and in the U.K. Parliamentary Papers database which can be accessed by on-site users.
=655  \7$aBills.$2rbgenr
=700  0\$aGeorge$bIII,$cKing of Great Britain,$d1738-1820,$eformer owner.$5Uk
=700  0\$aGeorge$bIV,$cKing of Great Britain,$d1762-1830,$edonor.$5Uk
=752  \\$aGreat Britain$bEngland$dLondon.
=852  41$aBritish Library$bHMNTS$jB.S.Ref.2/29.(33)
=852  41$aBritish Library$bHMNTS$j213.i.5.(59)
=856  41$uhttps://parlipapers.proquest.com/parlipapers/docview/t70.d75.pb-002043?$yProquest U.K. Parliamentary Papers
=CAT  \\$a3251$b40$c20190515$lBLL01$h1442
=FIN  \\$aY$d20190515
=FMT  \\$a  BK
=LAS  \\$a3251$b40$c20190515$lBLL01$h1442
=SRC  \\$aESTC

