=LDR  01626 am a2200397   4500
=001  019413275
=003  Uk
=005  20190522132308.0
=008  790922s1766\\\\enk\\\\\\\\\\o000\0\eng\c
=035  \\$a(Uk-ES)006337805
=040  \\$aUk-ES$cUk-ES$dCStRLIN$dUk-ES$edcrmb
=110  1\$aGreat Britain.$bParliament.
=240  10$aBills. 1766-03-27
=245  13$aAn act for dividing and inclosing certain open lands, meadows, and free commons, in the parish of Kettlethorpe, in the county of Lincoln.
=264  \1$a[London] :$b[s.n.],$c[1766]
=300  \\$a4 p. ;$c33 cm (2⁰)
=500  \\$aCaption title.
=500  \\$aDocket title dated 1766.
=500  \\$aEnacted: Private Acts, 6 Geo.III.c.77.
=500  \\$aWoodcut head-piece; woodcut factotum.
=500  \\$aSignatures: A².
=510  4\$aESTC,$cT66691
=530  \\$aAlso available on microfilm and in the U.K. Parliamentary Papers database which can be accessed by on-site users.
=650  \0$aCommons$vEngland$vLincolnshire$zEarly works to 1800.
=655  \7$aBills.$2rbgenr
=700  0\$aGeorge$bIII,$cKing of Great Britain,$d1738-1820,$eformer owner.$5Uk
=700  0\$aGeorge$bIV,$cKing of Great Britain,$d1762-1830,$edonor.$5Uk
=752  \\$aGreat Britain$bEngland$dLondon.
=852  41$aBritish Library$bHMNTS$jB.S.Ref.2/30.(26)
=852  41$aBritish Library$bHMNTS$j213.i.5.(62)
=856  41$uhttps://parlipapers.proquest.com/parlipapers/docview/t70.d75.pb-002085?$yProquest U.K. Parliamentary Papers
=CAT  \\$a3251$b40$c20190522$lBLL01$h1323
=FIN  \\$aY$d20190522
=FMT  \\$a  BK
=LAS  \\$a3251$b40$c20190522$lBLL01$h1323
=SRC  \\$aESTC

