=LDR  01839 am a2200421   4500
=001  019413283
=003  Uk
=005  20190522134332.0
=008  790922s1766\\\\enk\\\\\\\\\\o000\0\eng\c
=035  \\$a(Uk-ES)006337806
=040  \\$aUk-ES$cUk-ES$dCStRLIN$dUk-ES$edcrmb
=110  1\$aGreat Britain.$bParliament.
=240  10$aBills. 1766-04-07
=245  13$aAn act to establish a proposal made by William Constable, Esquire to the Governors of the charity for the relief of the poor widows and children of clergymen, in relation to a piece or parcel or land, called Cherry-Cobb-Sand, in the county of York.
=264  \1$a[London] :$b[s.n.],$c[1766]
=300  \\$a8 p. ;$c33 cm (2⁰)
=500  \\$aCaption title.
=500  \\$aWith a docket title.
=500  \\$aEnacted: Private Acts, 6 Geo.III.c.66.
=500  \\$aWoodcut ornaments; woodcut factotum.
=500  \\$aSignatures: A-B².
=510  4\$aESTC,$cT66692
=530  \\$aAlso available on microfilm and in the U.K. Parliamentary Papers database which can be accessed by on-site users.
=650  \0$aInheritance and succession$vEarly works to 1800.
=650  \0$aReal property$zEngland$vEarly works to 1800.
=655  \7$aBills.$2rbgenr
=700  0\$aGeorge$bIII,$cKing of Great Britain,$d1738-1820,$eformer owner.$5Uk
=700  0\$aGeorge$bIV,$cKing of Great Britain,$d1762-1830,$edonor.$5Uk
=752  \\$aGreat Britain$bEngland$dLondon.
=852  41$aBritish Library$bHMNTS$j213.i.5.(63)
=852  41$aBritish Library$bHMNTS$jB.S.Ref.2/30.(15)
=856  41$uhttps://parlipapers.proquest.com/parlipapers/docview/t70.d75.pb-002074?$yProquest U.K. Parliamentary Papers
=CAT  \\$a3251$b40$c20190522$lBLL01$h1339
=CAT  \\$a3251$b40$c20190522$lBLL01$h1343
=FIN  \\$aY$d20190522
=FMT  \\$a  BK
=LAS  \\$a3251$b40$c20190522$lBLL01$h1343
=SRC  \\$aESTC

