=LDR  01880 am a2200397   4500
=001  019426657
=003  Uk
=005  20190604151517.0
=008  790922s1766\\\\enk\\\\\\\\\\o000\0\eng\c
=035  \\$a(Uk-ES)006337820
=040  \\$aUk-ES$cUk-ES$dCU-RivES$dCStRLIN$dCU-RivES$dUk-ES$edcrmb
=110  1\$aGreat Britain.$bParliament.
=240  10$aBills. 1766-03-24
=245  13$aAn act for vesting the freehold and leasehold estates late of Robert Henley, Esquire, deceased, in trustees, to be sold, to raise money to be applied to pay off the debts, incumbrances and legacies, charged upon and affecting the same, under the direction of the Court of Chancery, and for laying out the surplus money in the Bank of England, subject to the further order of the said Court.
=264  \1$a[London] :$b[s.n.],$c[1766]
=300  \\$a22 p. ;$c33 cm (2⁰)
=500  \\$aCaption title.
=500  \\$aDocket title dated 1766.
=500  \\$aEnacted: Private Acts, 6 Geo.III.c.41.
=500  \\$aWoodcut ornaments; woodcut factotum.
=500  \\$aSignatures: A-D² E²(-E2) F².
=510  4\$aESTC,$cT66706
=530  \\$aAlso available on microfilm and in the U.K. Parliamentary Papers database which can be accessed by on-site users.
=650  \0$aAdvowson$zEngland.
=655  \7$aBills.$2rbgenr
=700  0\$aGeorge$bIII,$cKing of Great Britain,$d1738-1820,$eformer owner.$5Uk
=700  0\$aGeorge$bIV,$cKing of Great Britain,$d1762-1830,$edonor.$5Uk
=752  \\$aGreat Britain$bEngland$dLondon.
=852  41$aBritish Library$bHMNTS$jB.S.Ref.2/29.(36)
=852  41$aBritish Library$bHMNTS$j213.i.5.(70)
=856  41$uhttps://parlipapers.proquest.com/parlipapers/docview/t70.d75.pb-002046?$yProquest U.K. Parliamentary Papers
=CAT  \\$a3251$b40$c20190604$lBLL01$h1515
=FIN  \\$aY$d20190604
=FMT  \\$a  BK
=LAS  \\$a3251$b40$c20190604$lBLL01$h1515
=SRC  \\$aESTC

