=LDR  01517 am a2200373   4500
=001  019431875
=003  Uk
=005  20190606105940.0
=008  790922s1766\\\\enk\\\\\\\\\\o000\0\eng\c
=035  \\$a(Uk-ES)006337824
=040  \\$aUk-ES$cUk-ES$dCStRLIN$dUk-ES$edcrmb
=110  1\$aGreat Britain.$bParliament.
=240  10$aBills. 1766-03-25
=245  13$aAn act to enable George Forster Tuffnell Esquire, to grant building leases devised to him by Sir William Halton, Baronet, in the county of Middlesex.
=264  \1$a[London] :$b[s.n.],$c[1766]
=300  \\$a5, [1] p. ;$c32 cm (2⁰)
=500  \\$aCaption title.
=500  \\$aDocket title dated 1766.
=500  \\$aEnacted: Private Acts, 6 Geo.III.c.45.
=500  \\$aWoodcut ornaments; woodcut factotum.
=500  \\$aWith a headpiece consisting of type ornaments, and "seized" in line 6 of p.1.
=500  \\$aSignatures: A²(-A2) B².
=510  4\$aESTC,$cT66710
=530  \\$aAlso available on microfilm and in the U.K. Parliamentary Papers database which can be accessed by on-site users.
=650  \0$aBuilding leases$vEarly works to 1800.
=655  \7$aBills.$2rbgenr
=752  \\$aGreat Britain$bEngland$dLondon.
=852  41$aBritish Library$bHMNTS$jB.S.Ref.2/29.(40)
=856  41$uhttps://parlipapers.proquest.com/parlipapers/docview/t70.d75.pb-002050?$yProquest U.K. Parliamentary Papers
=CAT  \\$a3251$b40$c20190606$lBLL01$h1059
=FIN  \\$aY$d20190606
=FMT  \\$a  BK
=LAS  \\$a3251$b40$c20190606$lBLL01$h1059
=SRC  \\$aESTC

