=LDR  01988 am a2200409   4500
=001  019431967
=003  Uk
=005  20190606124014.0
=008  790922s1766\\\\enk\\\\\\\\\\o000\0\eng\c
=035  \\$a(Uk-ES)006337822
=040  \\$aUk-ES$cUk-ES$dCStRLIN$dUk-ES$edcrmb
=110  1\$aGreat Britain.$bParliament.
=240  10$aBills. 1766-03-19
=245  13$aAn act to enable Sir Thomas Gooch, Baronet, and his sons, Thomas Gooch, William Gooch, and John Gooch, and their guardians, and the guardians of their sons during their minorities, to grant building leases of certain lands in Birmingham, in the county of Warwick; and to grant a piece of ground lying in the same town for the purposes of building a church, and making a church-yard; and to exchange dome lands there.
=264  \1$a[London] :$b[s.n.],$c[1766]
=300  \\$a8, [2] p. ;$c33 cm (2⁰)
=500  \\$aCaption title.
=500  \\$aDocket title dated 1766.
=500  \\$aEnacted: Private Acts, 6 Geo.III.c.61.
=500  \\$aWoodcut ornaments; woodcut factotum.
=500  \\$aSignatures: A² B²(-B2) C².
=510  4\$aESTC,$cT66708
=530  \\$aAlso available on microfilm and in the U.K. Parliamentary Papers database which can be accessed by on-site users.
=650  \0$aLand tenure$xLaw and legislation$vEarly works to 1800.
=650  \0$aReal property, Exchange of$vEarly works to 1800.
=655  \7$aBills.$2rbgenr
=700  0\$aGeorge$bIII,$cKing of Great Britain,$d1738-1820,$eformer owner.$5Uk
=700  0\$aGeorge$bIV,$cKing of Great Britain,$d1762-1830,$edonor.$5Uk
=752  \\$aGreat Britain$bEngland$dLondon.
=852  41$aBritish Library$bHMNTS$jB.S.Ref.2/30.(9)
=852  41$aBritish Library$bHMNTS$j213.i.5.(73)
=856  41$uhttps://parlipapers.proquest.com/parlipapers/docview/t70.d75.pb-002068?$yProquest U.K. Parliamentary Papers
=CAT  \\$a3251$b40$c20190606$lBLL01$h1240
=FIN  \\$aY$d20190606
=FMT  \\$a  BK
=LAS  \\$a3251$b40$c20190606$lBLL01$h1240
=SRC  \\$aESTC

