=LDR  01771 am a2200409   4500
=001  019431978
=003  Uk
=005  20190606130504.0
=008  790922s1766\\\\enk\\\\\\\\\\o000\0\eng\c
=035  \\$a(Uk-ES)006337825
=040  \\$aUk-ES$cUk-ES$dCStRLIN$dUk-ES$edcrmb
=110  1\$aGreat Britain.$bParliament.
=240  10$aBills. 1766-03-25
=245  13$aAn act for sale and disposition of part of the settled estate of Thomas Lloyd, Esquire, for paying and discharging the debts and incumbrances affecting the same; and for providing an equivalent or compensation for the same, to the issue inheritable under his marriage-settlement.
=264  \1$a[London] :$b[s.n.],$c[1766]
=300  \\$a20 p. ;$c32 cm (2⁰)
=500  \\$aCaption title.
=500  \\$aDocket title dated 1766.
=500  \\$aEnacted: Private Acts, 6 Geo.III.c.63.
=500  \\$aCatchword on p.3: of.
=500  \\$aWoodcut ornaments; woodcut factotum.
=500  \\$aSignatures: A-E².
=510  4\$aESTC,$cT66711
=530  \\$aAlso available on microfilm and in the U.K. Parliamentary Papers database which can be accessed by on-site users.
=650  \0$aReal property$zGreat Britain$vEarly works to 1800.
=650  \0$aEncumbrances (Law)$vEarly works to 1800.
=650  \0$aExtinguishment of debts$vEarly works to 1800.
=650  \0$aMarriage settlements$vEarly works to 1800.
=655  \7$aBills.$2rbgenr
=752  \\$aGreat Britain$bEngland$dLondon.
=852  41$aBritish Library$bHMNTS$jB.S.Ref.2/30.(12)
=856  41$uhttps://parlipapers.proquest.com/parlipapers/docview/t70.d75.pb-002071?$yProquest U.K. Parliamentary Papers
=CAT  \\$a3251$b40$c20190606$lBLL01$h1305
=FIN  \\$aY$d20190606
=FMT  \\$a  BK
=LAS  \\$a3251$b40$c20190606$lBLL01$h1305
=SRC  \\$aESTC

