=LDR  02081 am a2200409   4500
=001  019434840
=003  Uk
=005  20190611152303.0
=008  790922s1766\\\\enk\\\\\\\\\\o000\0\eng\c
=035  \\$a(Uk-ES)006337831
=040  \\$aUk-ES$cUk-ES$dCStRLIN$dUk-ES$edcrmb
=110  1\$aGreat Britain.$bParliament.
=240  10$aBills. 1766-03-24
=245  13$aAn act for vesting an undivided moiety of certain messuages, lands, tenements and hereditaments in the several counties of Bedford, Northampton, Leicester and Essex, and in the City of London, late the estate of Piggott Ince, Esquire deceased, and Mary late the wife and now the widow of the said piggott Ince, in trustees, to be sold ans disposed of in pursuance of certain agreements, and for discharging debts and incumbrances and other the purposes therein mentioned; and for applying and placing out the surplus of the purchase money upon the trusts, and for the purposes therein expressed.
=264  \1$a[London] :$b[s.n.],$c[1766]
=300  \\$a26, [2] p. ;$c32 cm (2⁰)
=500  \\$aCaption title.
=500  \\$aWith a docket title.
=500  \\$aEnacted: Private Acts, 6 Geo.III.c.65.
=500  \\$aWoodcut ornaments; woodcut factotum.
=500  \\$aSig.B is under "Billersden".
=500  \\$aSignatures: A-G².
=510  4\$aESTC,$cT66717
=530  \\$aAlso available on microfilm and in the U.K. Parliamentary Papers database which can be accessed by on-site users.
=650  \0$aReal property$vEarly works to 1800.
=650  \0$aEncumbrances (Law)$vEarly works to 1800.
=650  \0$aEstate sales$zEngland$vEarly works to 1800.
=650  \0$aExtinguishment of debts$vEarly works to 1800.
=655  \7$aBills.$2rbgenr
=752  \\$aGreat Britain$bEngland$dLondon.
=852  41$aBritish Library$bHMNTS$jB.S.Ref.2/30.(14)
=856  41$uhttps://parlipapers.proquest.com/parlipapers/docview/t70.d75.pb-002073?$yProquest U.K. Parliamentary Papers
=CAT  \\$a3251$b40$c20190611$lBLL01$h1523
=FIN  \\$aY$d20190611
=FMT  \\$a  BK
=LAS  \\$a3251$b40$c20190611$lBLL01$h1523
=SRC  \\$aESTC

