=LDR  01872 am a2200385   4500
=001  019436269
=003  Uk
=005  20190612124248.0
=008  790922s1766\\\\enk\\\\\\\\\\o000\0\eng\c
=035  \\$a(Uk-ES)006337827
=040  \\$aUk-ES$cUk-ES$dCStRLIN$dUk-ES$edcrmb
=110  1\$aGreat Britain.$bParliament.
=240  10$aBills. 1766-04-07
=245  13$aAn act for vesting certain manors, rectories, lands, tythes, tenements, and hereditaments, in the counties of Somerset and Devon, devised by the will of John late Earl of Portsmouth, deceased, in trustees, to be sold; and for applying the monies arising by such sale in the purchase of other manors, rectories, lands, tythes, tenemenrs, or hereditaments, to be settled to teh uses limited by the said will.
=264  \1$a[London] :$b[s.n.],$c[1766]
=300  \\$a9, [1] p. ;$c33 cm (2⁰)
=500  \\$aDocket title dated 1766.
=500  \\$aEnacted: Private Acts, 6 Geo.III.c.59.
=500  \\$aWoodcut ornaments; woodcut factotum.
=500  \\$aSignatures: A-B² [chi]1.
=510  4\$aESTC,$cT66713
=530  \\$aAlso available on microfilm and in the U.K. Parliamentary Papers database which can be accessed by on-site users.
=650  \0$aSale of decedents' estates$vEarly works to 1800.
=655  \7$aBills.$2rbgenr
=700  0\$aGeorge$bIII,$cKing of Great Britain,$d1738-1820,$eformer owner.$5Uk
=700  0\$aGeorge$bIV,$cKing of Great Britain,$d1762-1830,$edonor.$5Uk
=752  \\$aGreat Britain$bEngland$dLondon.
=852  41$aBritish Library$bHMNTS$j213.i.5.(80)
=852  41$aBritish Library$bHMNTS$jB.S.Ref.2/30.(7)
=856  41$uhttps://parlipapers.proquest.com/parlipapers/docview/t70.d75.pb-002066?$yProquest U.K. Parliamentary Papers
=CAT  \\$a3251$b40$c20190612$lBLL01$h1242
=FIN  \\$aY$d20190612
=FMT  \\$a  BK
=LAS  \\$a3251$b40$c20190612$lBLL01$h1242
=SRC  \\$aESTC

