=LDR  01734 am a2200397   4500
=001  019436277
=003  Uk
=005  20190612130832.0
=008  790922s1766\\\\enk\\\\\\\\\\o000\0\eng\c
=035  \\$a(Uk-ES)006337826
=040  \\$aUk-ES$cUk-ES$dCStRLIN$dUk-ES$edcrmb
=110  1\$aGreat Britain.$bParliament.
=240  10$aBills. 1766-03-26
=245  13$aAn act for vesting part of a messuage, with the appurtenances, intailed by the will of the most noble Charles late Duke of Grafton deceased, in trustees, to be sold, and for purchasing another messuage or lands, to be settled to the like uses.
=264  \1$a[London] :$b[s.n.],$c[1766]
=300  \\$a7, [1] p. ;$c33 cm (2⁰)
=500  \\$aCaption title.
=500  \\$aDocket title dated 1766.
=500  \\$aEnacted: Private Acts, 6 Geo.III.c.57.
=500  \\$aWoodcut head-piece; woodcut factotum.
=500  \\$aSignatures: A-B².
=510  4\$aESTC,$cT66712
=530  \\$aAlso available on microfilm and in the U.K. Parliamentary Papers database which can be accessed by on-site users.
=650  \0$aSale of decedents' estates$vEarly works to 1800.
=655  \7$aBills.$2rbgenr
=700  0\$aGeorge$bIII,$cKing of Great Britain,$d1738-1820,$eformer owner.$5Uk
=700  0\$aGeorge$bIV,$cKing of Great Britain,$d1762-1830,$edonor.$5Uk
=752  \\$aGreat Britain$bEngland$dLondon.
=852  41$aBritish Library$bHMNTS$jB.S.Ref.2/30.(5)
=852  41$aBritish Library$bHMNTS$j213.i.5.(81)
=856  41$uhttps://parlipapers.proquest.com/parlipapers/docview/t70.d75.pb-002064?$yProquest U.K. Parliamentary Papers
=CAT  \\$a3251$b40$c20190612$lBLL01$h1308
=FIN  \\$aY$d20190612
=FMT  \\$a  BK
=LAS  \\$a3251$b40$c20190612$lBLL01$h1308
=SRC  \\$aESTC

