=LDR  01759 am a2200397   4500
=001  019436284
=003  Uk
=005  20190612132552.0
=008  790922s1766\\\\enk\\\\\\\\\\o000\0\eng\c
=035  \\$a(Uk-ES)006337828
=040  \\$aUk-ES$cUk-ES$dCStRLIN$dUk-ES$edcrmb
=110  1\$aGreat Britain.$bParliament.
=240  10$aBills. 1766-04-21
=245  13$aAn act for vesting in trustees the settled estate of Washington Earl Ferrers, in the county of Derby, to be sold for satisfying the incumbrances and portions affecting the same, and the rest of his settled estates, and for other purposes therein mentioned.
=264  \1$a[London] :$b[s.n.].$c[1766]
=300  \\$a21, [1] p. ;$c33 cm (2⁰)
=500  \\$aCaption title.
=500  \\$aDocket title dated 1766.
=500  \\$aEnacted: Private Acts, 6 Geo.III.c.60.
=500  \\$aSignatures: A-D² E²(-E2) F².
=510  4\$aESTC,$cT66714
=530  \\$aAlso available on microfilm and in the U.K. Parliamentary Papers database which can be accessed by on-site users.
=650  \0$aEncumbrances (Law)$vEarly works to 1800.
=650  \0$aEstate sales$zEngland$vEarly works to 1800.
=655  \7$aBills.$2rbgenr
=700  0\$aGeorge$bIII,$cKing of Great Britain,$d1738-1820,$eformer owner.$5Uk
=700  0\$aGeorge$bIV,$cKing of Great Britain,$d1762-1830,$edonor.$5Uk
=752  \\$aGreat Britain$bEngland$dLondon.
=852  41$aBritish Library$bHMNTS$jB.S.Ref.2/30.(8)
=852  41$aBritish Library$bHMNTS$j213.i.5.(82)
=856  41$uhttps://parlipapers.proquest.com/parlipapers/docview/t70.d75.pb-002067?$yProquest U.K. Parliamentary Papers
=CAT  \\$a3251$b40$c20190612$lBLL01$h1325
=FIN  \\$aY$d20190612
=FMT  \\$a  BK
=LAS  \\$a3251$b40$c20190612$lBLL01$h1325
=SRC  \\$aESTC

