=LDR  02009 am a2200433   4500
=001  019436366
=003  Uk
=005  20190612145153.0
=008  790922s1766\\\\enk\\\\\\\\\\o000\0\eng\c
=035  \\$a(Uk-ES)006337829
=040  \\$aUk-ES$cUk-ES$dCStRLIN$dUk-ES$edcrmb
=110  1\$aGreat Britain.$bParliament.
=240  10$aBills. 1766-04-17
=245  13$aAn act for sale of the manor, capital messuage, and late dissolved priory, of Ryegate, in the county of Surry; and also of several freehold and copyhold lands, tenements, and hereditaments in the countis of Surry and Sussex, late the estate of Sarah Parsons, widow, deceased, for raising money to discharge incumbrances affecting the same.
=264  \1$a[London] :$b[s.n.],$c[1766]
=300  \\$a13, [1] p. ;$c33 cm (2⁰)
=500  \\$aCaption title.
=500  \\$aDocket title dated 1766.
=500  \\$aEnacted: Private Acts, 6 Geo.III.c.62.
=500  \\$aWoodcut head-piece; woodcut factotum.
=500  \\$aSignatures: A-B² C²(-C2) D².
=510  4\$aESTC,$cT66715
=530  \\$aAlso available on microfilm and in the U.K. Parliamentary Papers database which can be accessed by on-site users.
=650  \0$aEncumbrances (Law)$vEarly works to 1800.
=650  \0$aEstate sales$zEngland$vEarly works to 1800.
=650  \0$aManors$zEngland$vEarly works to 1800.
=655  \7$aBills.$2rbgenr
=700  0\$aGeorge$bIII,$cKing of Great Britain,$d1738-1820,$eformer owner.$5Uk
=700  0\$aGeorge$bIV,$cKing of Great Britain,$d1762-1830,$edonor.$5Uk
=752  \\$aGreat Britain$bEngland$dLondon.
=852  41$aBritish Library$bHMNTS$jB.S.Ref.2/30.(11)
=852  41$aBritish Library$bHMNTS$jB.S.Ref.2/30.(10)
=852  41$aBritish Library$bHMNTS$j213.i.5.(83)
=856  41$uhttps://parlipapers.proquest.com/parlipapers/docview/t70.d75.pb-002069?$yProquest U.K. Parliamentary Papers
=CAT  \\$a3251$b40$c20190612$lBLL01$h1451
=FIN  \\$aY$d20190612
=FMT  \\$a  BK
=LAS  \\$a3251$b40$c20190612$lBLL01$h1451
=SRC  \\$aESTC

