=LDR  01782 am a2200409   4500
=001  019436375
=003  Uk
=005  20190612151418.0
=008  790922s1766\\\\enk\\\\\\\\\\o000\0\eng\c
=035  \\$a(Uk-ES)006337743
=040  \\$aUk-ES$cUk-ES$dCU-RivES$dCStRLIN$dCU-RivES$dUk-ES$edcrmb
=110  1\$aGreat Britain.$bParliament.
=240  10$aBills. 1766-04-14
=245  13$aAn act for vesting the settled estates of Edmund Morton Pleydell, Esquire, in the counties of York and Lincoln, in trustees, to be sold, and for laying out the money to arise by such sale in the purchase of other lands, to be settled to the like uses.
=264  \1$a[London] :$b[s.n.],$c[1766]
=300  \\$a11, [1] p. ;$c33 cm (2⁰)
=500  \\$aCaption title.
=500  \\$aDocket title dated 1766.
=500  \\$aEnacted: Private Acts, 6 Geo.III.c.88.
=500  \\$aWoodcut head-piece; woodcut factotum.
=500  \\$aSignatures: A-C².
=510  4\$aESTC,$cT66629
=530  \\$aAlso available on microfilm and in the U.K. Parliamentary Papers database which can be accessed by on-site users.
=650  \0$aAdvowson$zEngland.
=655  \7$aBills.$2rbgenr
=700  0\$aGeorge$bIII,$cKing of Great Britain,$d1738-1820,$eformer owner.$5Uk
=700  0\$aGeorge$bIV,$cKing of Great Britain,$d1762-1830,$edonor.$5Uk
=752  \\$aGreat Britain$bEngland$dLondon.
=852  41$aBritish Library$bHMNTS$jB.S.Ref.2/30.(33)
=852  41$aBritish Library$bHMNTS$j213.i.5.(84)
=856  41$uhttps://parlipapers.proquest.com/parlipapers/docview/t70.d75.pb-002092?$yProquest U.K. Parliamentary Papers
=CAT  \\$a3251$b40$c20190612$lBLL01$h1512
=CAT  \\$a3251$b40$c20190612$lBLL01$h1514
=FIN  \\$aY$d20190612
=FMT  \\$a  BK
=LAS  \\$a3251$b40$c20190612$lBLL01$h1514
=SRC  \\$aESTC

