=LDR  01709 am a2200397   4500
=001  019436388
=003  Uk
=005  20190612154102.0
=008  790922s1766\\\\enk\\\\\\\\\\o000\0\eng\c
=035  \\$a(Uk-ES)006337777
=040  \\$aUk-ES$cUk-ES$dCU-RivES$dCStRLIN$dCU-RivES$dUk-ES$edcrmb
=110  1\$aGreat Britain.$bParliament.
=240  10$aBills. 1766-02-17
=245  13$aAn act to enable the most Noble Francis Duke of Bridgewater, to extend a branch of his navigable cut or canal, upon Sale-moor, in the county of Chester, to the market-town of Stockport, in the said county.
=264  \1$a[London] :$b[s.n.],$c[1766]
=300  \\$a14, [2] p. ;$c33 cm (2⁰)
=500  \\$aCaption title.
=500  \\$aWith a docket title.
=500  \\$aWoodcut head-piece; woodcut factotum.
=500  \\$aSignatures: A-D².
=500  \\$aEnacted: Private Acts, 6 Geo.III.c.17.
=510  4\$aESTC,$cT66663
=530  \\$aAlso available on microfilm and in the U.K. Parliamentary Papers database which can be accessed by on-site users.
=650  \0$aCanals$xLaw and legislation$zGreat Britain.
=655  \7$aBills.$2rbgenr
=700  0\$aGeorge$bIII,$cKing of Great Britain,$d1738-1820,$eformer owner.$5Uk
=700  0\$aGeorge$bIV,$cKing of Great Britain,$d1762-1830,$edonor.$5Uk
=752  \\$aGreat Britain$bEngland$dLondon.
=852  41$aBritish Library$bHMNTS$jB.S.Ref.2/29.(15)
=852  41$aBritish Library$bHMNTS$j213.i.5.(87)
=856  41$uhttps://parlipapers.proquest.com/parlipapers/docview/t70.d75.pb-002025?$yProquest U.K. Parliamentary Papers
=CAT  \\$a3251$b40$c20190612$lBLL01$h1541
=FIN  \\$aY$d20190612
=FMT  \\$a  BK
=LAS  \\$a3251$b40$c20190612$lBLL01$h1541
=SRC  \\$aESTC

