=LDR  01496 am a2200373   4500
=001  019436931
=003  Uk
=005  20190613133116.0
=008  790922s1766\\\\enk\\\\\\\\\\o000\0\eng\c
=035  \\$a(Uk-ES)006337796
=040  \\$aUk-ES$cUk-ES$dCStRLIN$dUk-ES$edcrmb
=110  1\$aGreat Britain.$bParliament.
=240  10$aBills. 1766-03-10
=245  13$aAn act for inclosing, paving, cleansing, lighting, and adorning Berkeley Square, in the parish of Saint George Hanover Square, in the county of Middlesex.
=264  \1$a[London] :$b[s.n.],$c[1766]
=300  \\$a21, [1] p. ;$c32 cm (2⁰)
=500  \\$aCaption title.
=500  \\$aDocket title dated 1766.
=500  \\$aWoodcut head-piece; woodcut factotum.
=500  \\$aSignatures: A-D² E²(-E2) F².
=500  \\$aEnacted: Private Acts, 6 Geo.III.c.56.
=510  4\$aESTC,$cT66682
=530  \\$aAlso available on microfilm and in the U.K. Parliamentary Papers database which can be accessed by on-site users.
=650  \0$aInclosures$zEngland$vEarly works to 1800.
=650  \0$aPavements$zEngland$vEarly works to 1800.
=655  \7$aBills.$2rbgenr
=752  \\$aGreat Britain$bEngland$dLondon.
=852  41$aBritish Library$bHMNTS$jB.S.Ref.2/30.(4)
=856  41$uhttps://parlipapers.proquest.com/parlipapers/docview/t70.d75.pb-002063?$yProquest U.K. Parliamentary Papers
=CAT  \\$a3251$b40$c20190613$lBLL01$h1331
=FIN  \\$aY$d20190613
=FMT  \\$a  BK
=LAS  \\$a3251$b40$c20190613$lBLL01$h1331
=SRC  \\$aESTC

