=LDR  01402 am a2200337   4500
=001  019439344
=003  Uk
=005  20190618152934.0
=008  790922s1766\\\\enk\\\\\\\\\\o000\0\eng\c
=035  \\$a(Uk-ES)006337832
=040  \\$aUk-ES$cUk-ES$dCU-RivES$dCStRLIN$dCU-RivES$dUk-ES$edcrmb
=110  1\$aGreat Britain.$bParliament.
=240  10$aBills. 1766-05-07
=245  13$aAn act to enable the principal officers and commissioners of his Majesty's navy to carry into execution certain articles of agreement made for a lease of ground for the improvement of his Majesty's dock yard, near Plymouth.
=264  \1$a[London] :$b[s.n.],$c[1766]
=300  \\$a7, [1] p. ;$c32 cm (2⁰)
=500  \\$aCaption title.
=500  \\$aDocket title dated 1766.
=500  \\$aNot enacted.
=510  4\$aESTC,$cT66718
=530  \\$aAlso available on microfilm and in the U.K. Parliamentary Papers database which can be accessed by on-site users.
=650  \0$aCanals$xLaw and legislation$zGreat Britain.
=655  \7$aBills.$2rbgenr
=752  \\$aGreat Britain$bEngland$dLondon.
=852  41$aBritish Library$bHMNTS$jB.S.Ref.2/30.(39)
=856  41$uhttps://parlipapers.proquest.com/parlipapers/docview/t70.d75.pb-002098?$yProquest U.K. Parliamentary Papers
=CAT  \\$a3251$b40$c20190618$lBLL01$h1529
=FIN  \\$aY$d20190618
=FMT  \\$a  BK
=LAS  \\$a3251$b40$c20190618$lBLL01$h1529
=SRC  \\$aESTC

