=LDR  01527 am a2200349   4500
=001  019439379
=003  Uk
=005  20190618165432.0
=008  790922s1766\\\\enk\\\\\\\\\\o000\0\eng\c
=035  \\$a(Uk-ES)006337814
=040  \\$aUk-ES$cUk-ES$dCStRLIN$dUk-ES$edcrmb
=110  1\$aGreat Britain.$bParliament.
=240  10$aBills. 1766-03-25
=245  13$aAn act for impowering and enabling all such women and men to whom all or any of the castles, manors, messuages, lands, tenements, or hereditaments, in the counties of Wilts, Dorset, Devon, and Cornwall, now the estate of the most Noble Harry, Duke of Bolton, shall be limited for their lives, to make leases thereof.
=264  \1$a[London] :$b[s.n.],$c[1766]
=300  \\$a7, [1] p. ;$c32 cm (2⁰)
=500  \\$aTitle from docket, dated 1766.
=500  \\$aNot enacted.
=500  \\$aWoodcut head-piece; woodcut factotum.
=500  \\$aSignatures: A-B².
=510  4\$aESTC,$cT66700
=530  \\$aAlso available on microfilm and in the U.K. Parliamentary Papers database which can be accessed by on-site users.
=655  \7$aBills.$2rbgenr
=752  \\$aGreat Britain$bEngland$dLondon.
=852  41$aBritish Library$bHMNTS$jB.S.Ref.2/30.(40)
=856  41$uhttps://parlipapers.proquest.com/parlipapers/docview/t70.d75.pb-002099?$yProquest U.K. Parliamentary Papers
=CAT  \\$a3251$b40$c20190618$lBLL01$h1632
=CAT  \\$a3251$b40$c20190618$lBLL01$h1654
=FIN  \\$aY$d20190618
=FMT  \\$a  BK
=LAS  \\$a3251$b40$c20190618$lBLL01$h1654
=SRC  \\$aESTC

