=LDR  01792 am a2200397   4500
=001  019465694
=003  Uk
=005  20190711150143.0
=008  791208s1767\\\\enk\\\\\\\\\\o000\0\eng\c
=035  \\$a(Uk-ES)006339023
=040  \\$aUk-ES$cUk-ES$dCStRLIN$dUk-ES$edcrmb
=110  1\$aGreat Britain.$bParliament.
=240  10$aBills. 1767-04-01
=245  13$aAn act for exonerating part of the estate late of Thomas Becke, Gent. deceased; charged with an annuity or clear yearly rent of one hundred pounds, of and from the payment of the said rent and for substituting and making liable to the payment thereof, other part of the estate of the said Thomas Becke, of equal value.
=264  \1$a[London] :$b[s.n.],$c[1767]
=300  \\$a14, [2] p. ;$c33 cm (2⁰)
=500  \\$aCaption title.
=500  \\$aDocket title dated 1767.
=500  \\$aEnacted: Private Acts, 7 Geo.III.c.80.
=500  \\$aWoodcut ornaments; woodcut factotum.
=500  \\$aSignatures: B-E².
=510  4\$aESTC,$cT67941
=530  \\$aAlso available on microfilm and in the U.K. Parliamentary Papers database which can be accessed by on-site users.
=655  \7$aBills.$2rbgenr
=700  0\$aGeorge$bIII,$cKing of Great Britain,$d1738-1820,$eformer owner.$5Uk
=700  0\$aGeorge$bIV,$cKing of Great Britain,$d1762-1830,$edonor.$5Uk
=752  \\$aGreat Britain$bEngland$dLondon.
=852  41$aBritish Library$bHMNTS$j214.i.1.(1)
=852  41$aBritish Library$bHMNTS$jB.S.Ref.2/32.(12)
=856  41$uhttps://parlipapers.proquest.com/parlipapers/docview/t70.d75.pb-002168?$yProquest U.K. Parliamentary Papers
=CAT  \\$a3251$b40$c20190711$lBLL01$h1429
=CAT  \\$a3251$b40$c20190711$lBLL01$h1501
=FIN  \\$aY$d20190711
=FMT  \\$a  BK
=LAS  \\$a3251$b40$c20190711$lBLL01$h1501
=SRC  \\$aESTC

