=LDR  01883 am a2200397   4500
=001  019465726
=003  Uk
=005  20190711151057.0
=008  791208s1767\\\\enk\\\\\\\\\\o000\0\eng\c
=035  \\$a(Uk-ES)006339043
=040  \\$aUk-ES$cUk-ES$dCU-RivES$dCStRLIN$dCU-RivES$dUk-ES$edcrmb
=110  1\$aGreat Britain.$bParliament.
=240  10$aBills. 1767-03-13
=245  13$aAn act for vesting divers lands and hereditaments in the parish of Hilborough in the county of Norfolk, the estate of Deborah Bunting, the widow and relict of Edward Bunting clerk, deceased; and Edward Bunting her infant son, by the said Edward Bunting clerk; in trustees, to convey the same to Ralph Cauldwell, Esq; and his heirs, and for securing the money to pay for the same.
=264  \1$a[London] :$b[s.n.],$c[1767]
=300  \\$a10 p. ;$c33 cm (2⁰)
=500  \\$aCaption title.
=500  \\$aDocket title dated 1767.
=500  \\$aEnacted: Private Acts, 7 Geo.III.c.72.
=500  \\$aSignatures: A-B² C1.
=500  \\$aLeaf B1 missigned 'C'.
=510  4\$aESTC,$cT67961
=530  \\$aAlso available on microfilm and in the U.K. Parliamentary Papers database which can be accessed by on-site users.
=650  \0$aDecedents' estates$zEngland$zNorfolk$vEarly works to 1800.
=655  \7$aBills.$2rbgenr
=700  0\$aGeorge$bIII,$cKing of Great Britain,$d1738-1820,$eformer owner.$5Uk
=700  0\$aGeorge$bIV,$cKing of Great Britain,$d1762-1830,$edonor.$5Uk
=752  \\$aGreat Britain$bEngland$dLondon.
=852  41$aBritish Library$bHMNTS$jB.S.Ref.2/32.(4)
=852  41$aBritish Library$bHMNTS$j214.i.1.(2)
=856  41$uhttps://parlipapers.proquest.com/parlipapers/docview/t70.d75.pb-002160?$yProquest U.K. Parliamentary Papers
=CAT  \\$a3251$b40$c20190711$lBLL01$h1510
=FIN  \\$aY$d20190711
=FMT  \\$a  BK
=LAS  \\$a3251$b40$c20190711$lBLL01$h1510
=SRC  \\$aESTC

