=LDR  01574 am a2200385   4500
=001  019482834
=003  Uk
=005  20190730120937.0
=008  790922s1767\\\\enk\\\\\\\\\\o000\0\eng\c
=035  \\$a(Uk-ES)006338618
=040  \\$aUk-ES$cUk-ES$dCU-RivES$dCStRLIN$dCU-RivES$dUk-ES$edcrmb
=110  1\$aGreat Britain.$bParliament.
=240  10$aBills. 1767-03-23
=245  13$aAn act to enable Henry Duke of Buccleugh, a minor, to make a settlement on his intended marriage with the Lady Elizabeth Montagu.
=264  \1$a[London] :$b[s.n.],$c[1767]
=300  \\$a3, [1] p. ;$c33 cm (2⁰)
=500  \\$aCaption title
=500  \\$aDocket title dated 1767.
=500  \\$aEnacted: Private Acts, 7 Geo.III.c.54.
=500  \\$aWoodcut head-piece; woodcut factotum.
=500  \\$aSignatures: [A]².
=510  4\$aESTC,$cT67529
=530  \\$aAlso available on microfilm and in the U.K. Parliamentary Papers database which can be accessed by on-site users.
=655  \7$aBills.$2rbgenr
=700  0\$aGeorge$bIII,$cKing of Great Britain,$d1738-1820,$eformer owner.$5Uk
=700  0\$aGeorge$bIV,$cKing of Great Britain,$d1762-1830,$edonor.$5Uk
=752  \\$aGreat Britain$bEngland$dLondon.
=852  41$aBritish Library$bHMNTS$j214.i.1.(3)
=852  41$aBritish Library$bHMNTS$jB.S.Ref.2/31.(37)
=856  41$uhttps://parlipapers.proquest.com/parlipapers/docview/t70.d75.pb-002140?$yProquest U.K. Parliamentary Papers
=CAT  \\$a3251$b40$c20190730$lBLL01$h1209
=FIN  \\$aY$d20190730
=FMT  \\$a  BK
=LAS  \\$a3251$b40$c20190730$lBLL01$h1209
=SRC  \\$aESTC

