=LDR  01769 am a2200385   4500
=001  019482842
=003  Uk
=005  20190730121947.0
=008  791208s1767\\\\enk\\\\\\\\\\o000\0\eng\c
=035  \\$a(Uk-ES)006339017
=040  \\$aUk-ES$cUk-ES$dCStRLIN$dUk-ES$edcrmb
=110  1\$aGreat Britain.$bParliament.
=240  10$aBills. 1767-03-17
=245  13$aAn act to impower the High Court of Chancery to order so much of the personal estate of George Minchin, deceased, as now stands in the name of the accomptant general of the said court, to be transferred and paid to Paul Minchin and Henrietta Minchin, the only children of the said George Minchin, without their giving any security to refund the same.
=264  \1$a[London] :$b[s.n.],$c[1767]
=300  \\$a8 p. ;$c33 cm (2⁰)
=500  \\$aCaption title.
=500  \\$aDocket title dated 1767.
=500  \\$aEnacted: Private Acts, 7 Geo.III.c.74.
=500  \\$aWoodcut ornaments; woodcut factotum.
=500  \\$aSignatures: A-B².
=510  4\$aESTC,$cT67935
=530  \\$aAlso available on microfilm and in the U.K. Parliamentary Papers database which can be accessed by on-site users.
=655  \7$aBills.$2rbgenr
=700  0\$aGeorge$bIII,$cKing of Great Britain,$d1738-1820,$eformer owner.$5Uk
=700  0\$aGeorge$bIV,$cKing of Great Britain,$d1762-1830,$edonor.$5Uk
=752  \\$aGreat Britain$bEngland$dLondon.
=852  41$aBritish Library$bHMNTS$jB.S.Ref.2/32.(6)
=852  41$aBritish Library$bHMNTS$j214.i.1.(4)
=856  41$uhttps://parlipapers.proquest.com/parlipapers/docview/t70.d75.pb-002162?$yProquest U.K. Parliamentary Papers
=CAT  \\$a3251$b40$c20190730$lBLL01$h1219
=FIN  \\$aY$d20190730
=FMT  \\$a  BK
=LAS  \\$a3251$b40$c20190730$lBLL01$h1219
=SRC  \\$aESTC

