=LDR  01696 am a2200385   4500
=001  019482861
=003  Uk
=005  20190730132121.0
=008  791208s1767\\\\enk\\\\\\\\\\o000\0\eng\c
=035  \\$a(Uk-ES)006339013
=040  \\$aUk-ES$cUk-ES$dCStRLIN$dUk-ES$edcrmb
=110  1\$aGreat Britain.$bParliament.
=240  10$aBills. 1767-03-10
=245  13$aAn act for vesting part of the settled estates of Sir John Dixon Dyke, Baronet, lying in the counties of Oxford, Sussex, and Kent, in trustees, in trust, to be sold, for raising money to discharge a mortage debt, affecting other parts of the said settled estates.
=264  \1$a[London] :$b[s.n.],$c[1767]
=300  \\$a21, [1] p. ;$c33 cm (2⁰)
=500  \\$aCaption title.
=500  \\$aDocket title dated 1767.
=500  \\$aEnacted: Private Acts, 7 Geo.III.c.69.
=500  \\$aWoodcut head-piece; woodcut factotum.
=500  \\$aSignatures: A-E² [chi]1.
=510  4\$aESTC,$cT67931
=530  \\$aAlso available on microfilm and in the U.K. Parliamentary Papers database which can be accessed by on-site users.
=655  \7$aBills.$2rbgenr
=700  0\$aGeorge$bIII,$cKing of Great Britain,$d1738-1820,$eformer owner.$5Uk
=700  0\$aGeorge$bIV,$cKing of Great Britain,$d1762-1830,$edonor.$5Uk
=752  \\$aGreat Britain$bEngland$dLondon.
=852  41$aBritish Library$bHMNTS$jB.S.Ref.2/32.(1)
=852  41$aBritish Library$bHMNTS$j214.i.1.(8)
=856  41$uhttps://parlipapers.proquest.com/parlipapers/docview/t70.d75.pb-002157?$yProquest U.K. Parliamentary Papers
=CAT  \\$a3251$b40$c20190730$lBLL01$h1321
=FIN  \\$aY$d20190730
=FMT  \\$a  BK
=LAS  \\$a3251$b40$c20190730$lBLL01$h1321
=SRC  \\$aESTC

