=LDR  01851 am a2200385   4500
=001  019485355
=003  Uk
=005  20190731125040.0
=008  791208s1767\\\\enk\\\\\\\\\\o000\0\eng\c
=035  \\$a(Uk-ES)006339025
=040  \\$aUk-ES$cUk-ES$dCStRLIN$dUk-ES$edcrmb
=110  1\$aGreat Britain.$bParliament.
=240  10$aBills. 1767-04-13
=245  13$aAn act for sale of divers freehold and copyhold lands and tenements, in the parish of Sunbury, in the county of Middlesex; and of certain copyhold lands, in the parish of Hampton, in the said county; part of the estate of John Osborn, deceased; unto the Right Honourable George Earl of Pomfret, pursuant to an agreement; and to apply the purchase-money in discharging of the debts and incumbrances affecting the said estate; and for other purposes therein mentioned.
=264  \1$a[London] :$b[s.n.],$c[1767]
=300  \\$a13, [1] p. ;$c32 cm (2⁰)
=500  \\$aCaption title.
=500  \\$aEnacted: Private Acts, 7 Geo.III.c.82.
=500  \\$aWith a docket title dated 1767.
=500  \\$aP.2 press figure 1.
=500  \\$aWoodcut head-piece; woodcur factotum.
=500  \\$aSignatures: A-C² [chi]1.
=510  4\$aESTC,$cT67943
=530  \\$aAlso available on microfilm and in the U.K. Parliamentary Papers database which can be accessed by on-site users.
=650  \0$aConveyancing$vEarly works to 1800.
=650  \0$aReal property$zEngland$zLondon$vEarly works to 1800.
=655  \7$aBills.$2rbgenr
=752  \\$aGreat Britain$bEngland$dLondon.
=852  41$aBritish Library$bHMNTS$jB.S.Ref.2/32.(14)
=856  41$uhttps://parlipapers.proquest.com/parlipapers/docview/t70.d75.pb-002170?$yProquest U.K. Parliamentary Papers
=CAT  \\$a3251$b40$c20190731$lBLL01$h1250
=FIN  \\$aY$d20190731
=FMT  \\$a  BK
=LAS  \\$a3251$b40$c20190731$lBLL01$h1250
=SRC  \\$aESTC

