=LDR  01708 am a2200349   4500
=001  019485412
=003  Uk
=005  20190731143033.0
=008  791208s1767\\\\enk\\\\\\\\\\o000\0\eng\c
=035  \\$a(Uk-ES)006339018
=040  \\$aUk-ES$cUk-ES$dCStRLIN$dUk-ES$edcrmb
=110  1\$aGreat Britain.$bParliament.
=240  10$aBills. 1767-03-19
=245  13$aAn act for vesting an undivided third part of certain manors, messuages, lands, tenements, and hereditaments, situate and being in the city of London, and in the counties of Oxford and Bucks, heretofore the estate of Susanna Letten, widow, deceased, in certain trustees and their heirs, in trust, to be sold; and for paying and applying the money to arise by the sale thereof in the manner therein mentioned.
=264  \1$a[London] :$b[s.n.],$c[1767]
=300  \\$a17, [1] p. ;$c32 cm (2⁰)
=500  \\$aTitle from docket title dated 1767.
=500  \\$aEnacted: Private Acts, 7 Geo.III.c.75.
=500  \\$aAn earlier edition with blanks on pp.13 and 15, and without a caption title.
=500  \\$aWoodcut head-piece; woodcut factotum.
=500  \\$aSignatures: A-C² D²(-D2) E².
=510  4\$aESTC,$cT67936
=530  \\$aAlso available on microfilm and in the U.K. Parliamentary Papers database which can be accessed by on-site users.
=655  \7$aBills.$2rbgenr
=752  \\$aGreat Britain$bEngland$dLondon.
=852  41$aBritish Library$bHMNTS$jB.S.Ref.2/32.(7)
=856  41$uhttps://parlipapers.proquest.com/parlipapers/docview/t70.d75.pb-002163?$yProquest U.K. Parliamentary Papers
=CAT  \\$a3251$b40$c20190731$lBLL01$h1430
=FIN  \\$aY$d20190731
=FMT  \\$a  BK
=LAS  \\$a3251$b40$c20190731$lBLL01$h1430
=SRC  \\$aESTC

