=LDR  02007 am a2200397   4500
=001  019490798
=003  Uk
=005  20190802150827.0
=008  790922s1767\\\\enk\\\\\\\\\\o000\0\eng\c
=035  \\$a(Uk-ES)006338622
=040  \\$aUk-ES$cUk-ES$dCU-RivES$dCStRLIN$dCU-RivES$dUk-ES$edcrmb
=110  1\$aGreat Britain.$bParliament.
=240  10$aBills. 1767-03-11
=245  13$aAn act for confirming a lease or grant, made by the Honourable Louisa Barbara Mansell, sole daughter and heir of the Right Honourable Bussy Lord Mansell, deceased (now the Honourable Louisa Barbara Vernon, wife of the Honourable George Venables Vernon) to Chauncy Townsend Esquire, for certain purposes therein expressed; and for granting a new lease thereof.
=264  \1$a[London] :$b[s.n.],$c[1767]
=300  \\$a15, [1] p. ;$c33 cm (2⁰)
=500  \\$aCaption title.
=500  \\$aWith a docket title.
=500  \\$aEnacted: Private Acts, 7 Geo.III.c.58.
=500  \\$aWoodcut ornaments; woodcut factotum.
=500  \\$aCatchwords on p.3 and p.4 are 'Business' and 'taining' respectively. Docket title undated. A variant has catchwords on p.3 and p.4 'any' and 'taining' respectively. Docket title dated 1767.
=500  \\$aSignatures: A-D².
=510  4\$aESTC,$cT67533
=530  \\$aAlso available on microfilm and in the U.K. Parliamentary Papers database which can be accessed by on-site users.
=655  \7$aBills.$2rbgenr
=700  0\$aGeorge$bIII,$cKing of Great Britain,$d1738-1820,$eformer owner.$5Uk
=700  0\$aGeorge$bIV,$cKing of Great Britain,$d1762-1830,$edonor.$5Uk
=752  \\$aGreat Britain$bEngland$dLondon.
=852  41$aBritish Library$bHMNTS$jB.S.Ref.2/31.(41)
=852  41$aBritish Library$bHMNTS$j214.i.1.(9)
=856  41$uhttps://parlipapers.proquest.com/parlipapers/docview/t70.d75.pb-002144?$yProquest U.K. Parliamentary Papers
=CAT  \\$a3251$b40$c20190802$lBLL01$h1508
=FIN  \\$aY$d20190802
=FMT  \\$a  BK
=LAS  \\$a3251$b40$c20190802$lBLL01$h1508
=SRC  \\$aESTC

