=LDR  01659 am a2200385   4500
=001  019490804
=003  Uk
=005  20190802152822.0
=008  790922s1767\\\\enk\\\\\\\\\\o000\0\eng\c
=035  \\$a(Uk-ES)006338619
=040  \\$aUk-ES$cUk-ES$dCStRLIN$dUk-ES$edcrmb
=110  1\$aGreat Britain.$bParliament.
=240  10$aBills. 1767-03-02
=245  13$aAn act for exchanging part of the settled estates of Willoughby Earl of Abingdon in the county of Wilts, for another estate of greater value in the county of Berks, to be settled in lieu thereof, and for other purposes therein mentioned.
=264  \1$a[London] :$b[s.n.],$c[1767]
=300  \\$a12 p. ;$c33 cm (2⁰)
=500  \\$aCaption title.
=500  \\$aDocket title dated 1767.
=500  \\$aEnacted: Private Acts, 7 Geo.III.c.55.
=500  \\$aWoodcut ornaments; woodcut factotum.
=500  \\$aSignatures: A-C².
=510  4\$aESTC,$cT67530
=530  \\$aAlso available on microfilm and in the U.K. Parliamentary Papers database which can be accessed by on-site users.
=655  \7$aBills.$2rbgenr
=700  0\$aGeorge$bIII,$cKing of Great Britain,$d1738-1820,$eformer owner.$5Uk
=700  0\$aGeorge$bIV,$cKing of Great Britain,$d1762-1830,$edonor.$5Uk
=752  \\$aGreat Britain$bEngland$dLondon.
=852  41$aBritish Library$bHMNTS$j214.i.1.(10)
=852  41$aBritish Library$bHMNTS$jB.S.Ref.2/31.(38)
=856  41$uhttps://parlipapers.proquest.com/parlipapers/docview/t70.d75.pb-002141?$yProquest U.K. Parliamentary Papers
=CAT  \\$a3251$b40$c20190802$lBLL01$h1528
=FIN  \\$aY$d20190802
=FMT  \\$a  BK
=LAS  \\$a3251$b40$c20190802$lBLL01$h1528
=SRC  \\$aESTC

