=LDR  01782 am a2200373   4500
=001  019498986
=003  Uk
=005  20190807143539.0
=008  791208s1767\\\\enk\\\\\\\\\\o000\0\eng\c
=035  \\$a(Uk-ES)006339042
=040  \\$aUk-ES$cUk-ES$dCStRLIN$dUk-ES$edcrmb
=110  1\$aGreat Britain.$bParliament.
=240  10$aBills. 1767-04-13
=245  13$aAn act for discharging divers manors, rectory, messuages, lands and hereditaments, part of the estate of the Right Honourable Richard Earl of Scarbrough, by him settled on his marriage with the Right Hionourable Barbara Countess of Scarborough, from the uses and trusts of the said settlement, and for settling other manors, lands and teneaments of great value, in lieu thereof, to the like uses.
=264  \1$a[London] :$b[s.n.],$c[1767]
=300  \\$a17, [1] p. ;$c33 cm (2⁰)
=500  \\$aCaption title.
=500  \\$aDocket title dated 1767.
=500  \\$aEnacted: Private Acts, 7 Geo.III.c.68.
=500  \\$aSignatures: A-C² D²(-D2) E².
=510  4\$aESTC,$cT67960
=530  \\$aAlso available on microfilm and in the U.K. Parliamentary Papers database which can be accessed by on-site users.
=655  \7$aBills$2rbgenr
=700  0\$aGeorge$bIII,$cKing of Great Britain,$d1738-1820,$eformer owner.$5Uk
=700  0\$aGeorge$bIV,$cKing of Great Britain,$d1762-1830,$edonor.$5Uk
=752  \\$aGreat Britain$bEngland$dLondon.
=852  41$aBritish Library$bHMNTS$j214.i.1.(11)
=852  41$aBritish Library$bHMNTS$jB.S.Ref.2/31.(50)
=856  41$uhttps://parlipapers.proquest.com/parlipapers/docview/t70.d75.pb-002153?$yProquest U.K. Parliamentary Papers
=CAT  \\$a3251$b40$c20190807$lBLL01$h1435
=FIN  \\$aY$d20190807
=FMT  \\$a  BK
=LAS  \\$a3251$b40$c20190807$lBLL01$h1435
=SRC  \\$aESTC

