=LDR  01613 am a2200349   4500
=001  019499007
=003  Uk
=005  20190807153440.0
=008  791208s1767\\\\enk\\\\\\\\\\o000\0\eng\c
=035  \\$a(Uk-ES)006339028
=040  \\$aUk-ES$cUk-ES$dCU-RivES$dCStRLIN$dCU-RivES$dUk-ES$edcrmb
=110  1\$aGreat Britain.$bParliament.
=240  10$aBills. 1767-04-06
=245  13$aAn act for confirming a partition between the Reverend Erasmus Saunders, Doctor in Divinity, and Mary his wife, and Samuel Roycroft the younger, Esquire, and Anne his wife, of several estates in the county of Lincoln, and for vesting and settling the same to the uses, and upon the trusts, contained in their respective marriage settlements, and for other purposes therein mentioned.
=264  \1$a[London} :$b[s.n.],$c[1767]
=300  \\$a19, [1] p. ;$c32 cm (2⁰)
=500  \\$aCaption title.
=500  \\$aWith a docket title.
=500  \\$aEnacted: Private Acts, 7 Geo.III.c.98.
=500  \\$aWoodcut ornaments; woodcut factotum.
=500  \\$aSignatures: A-E².
=510  4\$aESTC,$cT67946
=530  \\$aAlso available on microfilm and in the U.K. Parliamentary Papers database which can be accessed by on-site users.
=655  \7$aBills.$2rbgenr
=752  \\$aGreat Britain$bEngland$dLondon.
=852  41$aBritish Library$bHMNTS$jB.S.Ref.2/32.(28)
=856  41$uhttps://parlipapers.proquest.com/parlipapers/docview/t70.d75.pb-002184?$yProquest U.K. Parliamentary Papers
=CAT  \\$a3251$b40$c20190807$lBLL01$h1534
=FIN  \\$aY$d20190807
=FMT  \\$a  BK
=LAS  \\$a3251$b40$c20190807$lBLL01$h1534
=SRC  \\$aESTC

