=LDR  01846cam a2200397   4500
=001  019499755
=003  Uk
=005  20220126160420.0
=008  791208s1767\\\\enk\\\\\\\\\\o000\0\eng\c
=035  \\$a(Uk-ES)006339020
=040  \\$aUk-ES$cUk-ES$dCStRLIN$dUk-ES$edcrmb
=110  1\$aGreat Britain.$bParliament.
=240  10$aBills. 1767-03-25
=245  13$aAn act for vesting several undivided moieties, and other parts, shares, hereditaments, and premises, being part of the estate of John Bond, Esquire, and Mary his wife, in trustees, to be sold, discharged of the uses of their marriage settlement, and investing the money arising by such sale in the purchase of other lands to be settled to the uses of the same settlement.
=264  \1$a[London] :$b[s.n.],$c[1767]
=300  \\$a19, [1] p. ;$c33 cm (2⁰)
=500  \\$aCaption title.
=500  \\$aDocket title dated 1767.
=500  \\$aEnacted: Private Acts, 7 Geo.III.c.77.
=500  \\$aWoodcut head-piece; woodcut factotum.
=500  \\$aSignatures: A-E².
=510  4\$aESTC,$cT67938
=530  \\$aAlso available on microfilm and in the U.K. Parliamentary Papers database which can be accessed by on-site users.
=655  \7$aBills.$2rbgenr
=700  0\$aGeorge$bIII,$cKing of Great Britain,$d1738-1820,$eformer owner.$5Uk
=700  0\$aGeorge$bIV,$cKing of Great Britain,$d1762-1830,$edonor.$5Uk
=752  \\$aGreat Britain$bEngland$dLondon.
=852  41$aBritish Library$bHMNTS$jB.S.Ref.2/32.(9)
=852  41$aBritish Library$bHMNTS$j214.i.1.(13)
=856  41$uhttps://parlipapers.proquest.com/parlipapers/docview/t70.d75.pb-002165?$yProquest U.K. Parliamentary Papers
=CAT  \\$a3251$b40$c20190808$lBLL01$h1056
=CAT  \\$a8201$b40$c20220126$lBLL01$h1604
=FIN  \\$aY$d20190808
=FMT  \\$a  BK
=LAS  \\$a8201$b40$c20220126$lBLL01$h1604
=SRC  \\$aESTC

