=LDR  01595 am a2200385   4500
=001  019499821
=003  Uk
=005  20190808120808.0
=008  791208s1767\\\\enk\\\\\\\\\\o000\0\eng\c
=035  \\$a(Uk-ES)006339015
=040  \\$aUk-ES$cUk-ES$dCStRLIN$dUk-ES$edcrmb
=110  1\$aGreat Britain.$bParliament.
=240  10$aBills. 1767-03-09
=245  13$aAn act for sale of the real estate of Tomkinson Cooper, and Ann his wife, and for laying out the money arising by such sale in the purchase of other lands, for the benefit of the said Tomkinson Cooper, and Ann his wife.
=264  \1$a[London] :$b[s.n.],$c[1767]
=300  \\$a8 p. ;$c32 cm (2⁰)
=500  \\$aCaption title.
=500  \\$aWith a docket title.
=500  \\$aEnacted: Private Acts, 7 Geo.III.c.71.
=500  \\$aWithout the printed marginal notes.
=500  \\$aWoodcut head-piece; woodcut factotum.
=500  \\$aSignatures: A-B².
=510  4\$aESTC,$cT67933
=530  \\$aAlso available on microfilm and in the U.K. Parliamentary Papers database which can be accessed by on-site users.
=650  \0$aConveyancing$vEarly works to 1800.
=650  \0$aReal property$zEngland$zLondon$vEarly works to 1800.
=655  \7$aBills.$2rbgenr
=752  \\$aGreat Britain$bEngland$dLondon.
=852  41$aBritish Library$bHMNTS$jB.S.Ref.2/32.(3)
=856  41$uhttps://parlipapers.proquest.com/parlipapers/docview/t70.d75.pb-002159?$yProquest U.K. Parliamentary Papers
=CAT  \\$a3251$b40$c20190808$lBLL01$h1208
=FIN  \\$aY$d20190808
=FMT  \\$a  BK
=LAS  \\$a3251$b40$c20190808$lBLL01$h1208
=SRC  \\$aESTC

