=LDR  02315 am a2200385   4500
=001  019499840
=003  Uk
=005  20190808131139.0
=008  791208s1767\\\\enk\\\\\\\\\\o000\0\eng\c
=035  \\$a(Uk-ES)006339014
=040  \\$aUk-ES$cUk-ES$dCU-RivES$dCStRLIN$dCU-RivES$dUk-ES$edcrmb
=110  1\$aGreat Britain.$bParliament.
=240  10$aBills. 1767-03-05
=245  13$aAn act for vesting divers leasehold houses and tenements, late of Haydock Hill, deceased, in trustees, to be sold and converted into money, to be applied and disposed of together, with other part of his personal estate and effects, for the benefit of his children, intitled to the same by virtue of his will, and for confirming a sale, lease and contract, made by his widow and executrix of other parts of his estate, for the benerfit of his said children.
=264  \1$a[London] :$b[s.n.],$c[1767]
=300  \\$a11, [1] p. ;$c33 cm (2⁰)
=500  \\$aCaption title.
=500  \\$aDocket title dated 1767: 'An act for vesting divers leasehold houses, late of Haydock Hill, deceased, in trustees, to be sold and converted into money, to be applied together with other part of his personal estate, for the benefit of his children, intitled to the same by virtue of his will. And for confirning a sale, leases and contract, made by his widow and executrix, of other parts of his estate, for the benefit of his said children.'.
=500  \\$aEnacted: Private Acts, 7 Geo.III.c.70.
=500  \\$aSignatures: A-C².
=510  4\$aESTC,$cT67932
=530  \\$aAlso available on microfilm and in the U.K. Parliamentary Papers database which can be accessed by on-site users.
=655  \7$aBills.$2rbgenr
=700  0\$aGeorge$bIII,$cKing of Great Britain,$d1738-1820,$eformer owner.$5Uk
=700  0\$aGeorge$bIV,$cKing of Great Britain,$d1762-1830,$edonor.$5Uk
=752  \\$aGreat Britain$bEngland$dLondon.
=852  41$aBritish Library$bHMNTS$j214.i.1.(15)
=852  41$aBritish Library$bHMNTS$jB.S.Ref.2/32.(2)
=856  41$uhttps://parlipapers.proquest.com/parlipapers/docview/t70.d75.pb-002158?$yProquest U.K. Parliamentary Papers
=CAT  \\$a3251$b40$c20190808$lBLL01$h1307
=CAT  \\$a3251$b40$c20190808$lBLL01$h1311
=FIN  \\$aY$d20190808
=FMT  \\$a  BK
=LAS  \\$a3251$b40$c20190808$lBLL01$h1311
=SRC  \\$aESTC

