=LDR  01572 am a2200385   4500
=001  019500374
=003  Uk
=005  20190809095519.0
=008  791208s1767\\\\enk\\\\\\\\\\o000\0\eng\c
=035  \\$a(Uk-ES)006339011
=040  \\$aUk-ES$cUk-ES$dCStRLIN$dUK-ES$edcrmb
=110  1\$aGreat Britain.$bParliament.
=240  10$aBills. 1767-04-06
=245  13$aAn act for dividing and inclosing a parcel of ground called the Broyle Park, within the manor of Ringmer, in the county of Sussex.
=264  \1$a[London] :$b[s.n.],$c[1767]
=300  \\$a17, [1] p. ;$c33 cm (2⁰)
=500  \\$aCaption title.
=500  \\$aDocket title dated 1767.
=500  \\$aEnacted: Private Acts, 7 Geo.III.c.107.
=500  \\$aWoodcut head-piece; woodcut factotum.
=500  \\$aSignatures: A-C² D²(-D2) E².
=510  4\$aESTC,$cT67929
=530  \\$aAlso available on microfilm and in the U.K. Parliamentary Papers database which can be accessed by on-site users.
=655  \1$aBills.$2rbgenr
=700  0\$aGeorge$bIII,$cKing of Great Britain,$d1738-1820,$eformer owner.$5Uk
=700  0\$aGeorge$bIV,$cKing of Great Britain,$d1762-1830,$edonor.$5Uk
=752  \\$aGreat Britain$bEngland$dLondon.
=852  41$aBritish Library$bHMNTS$j214.i.1.(17)
=852  41$aBritish Library$bHMNTS$jB.S.Ref.2/32.(37)
=856  41$uhttps://parlipapers.proquest.com/parlipapers/docview/t70.d75.pb-002193?$yProquest U.K. Parliamentary Papers
=CAT  \\$a3251$b40$c20190809$lBLL01$h0955
=FIN  \\$aY$d20190809
=FMT  \\$a  BK
=LAS  \\$a3251$b40$c20190809$lBLL01$h0955
=SRC  \\$aESTC

