=LDR  01598 am a2200385   4500
=001  019502835
=003  Uk
=005  20190812105033.0
=008  791208s1767\\\\enk\\\\\\\\\\o000\0\eng\c
=035  \\$a(Uk-ES)006339012
=040  \\$aUk-ES$cUk-ES$dCStRLIN$dUk-ES$edcrmb
=110  1\$aGreat Britain.$bParliament.
=240  10$aBills. 1766-12-09
=245  13$aAn act for dividing a certain fen called the Haute Huntre, Eight Hundred or Holland Fen, and cetain other commonable places adjoining thereto, inthe parts of Holland, in the county of Lincoln.
=264  \1$a[London] :$b[s.n.],$c[1767]
=300  \\$a23, [1] p. ;$c32 cm (2⁰)
=500  \\$aCaption title.
=500  \\$aDocket title dated 1767.
=500  \\$aEnacted: Private Acts, 7 Geo.III.c.112.
=500  \\$aWoodcut head-piece; woodcut factotum.
=500  \\$aSignatures: A-F².
=510  4\$aESTC,$cT67930
=530  \\$aAlso available on microfilm and in the U.K. Parliamentary Papers database which can be accessed by on-site users.
=650  \0$aInclosures.$zEngland$zLincolnshire$vEarly works to 1800.
=650  \0$aCommons$zEngland$zLincolnshire$vEarly works to 1800.
=655  \7$aBills.$2rbgenr
=752  \\$aGreat Britain$bEngland$dLondon.
=852  41$aBritish Library$bHMNTS$jB.S.Ref.2/32.(42)
=856  41$uhttps://parlipapers.proquest.com/parlipapers/docview/t70.d75.pb-002198?$yProquest U.K. Parliamentary Papers
=CAT  \\$a3251$b40$c20190812$lBLL01$h1027
=CAT  \\$a3251$b40$c20190812$lBLL01$h1050
=FIN  \\$aY$d20190812
=FMT  \\$a  BK
=LAS  \\$a3251$b40$c20190812$lBLL01$h1050
=SRC  \\$aESTC

