=LDR  01772 am a2200409   4500
=001  019502878
=003  Uk
=005  20190812120214.0
=008  790922s1767\\\\enk\\\\\\\\\\o000\0\eng\c
=035  \\$a(Uk-ES)006338626
=040  \\$aUk-ES$cUk-ES$dCStRLIN$dUk-ES$edcrmb
=110  1\$aGreat Britain.$bParliament.
=240  10$aBills. 1767-02-16
=245  13$aAn act for dividing and inclosing several open fields, meadows, common-fens, and other commonable places within the parish of Donington, in the county of Lincoln; and for draining and improving the same.
=264  \1$a[London] :$b[s.n.],$c[1767]
=300  \\$a27, [1] p. ;$c33 cm (2⁰)
=500  \\$aCaption title.
=500  \\$aDocket title dated 1767.
=500  \\$aEnacted: Private Acts, 7 Geo. III.c.62.
=500  \\$aWoodcut ornaments; woodcut factotum.
=500  \\$aSignatures: A-G².
=510  4\$aESTC,$cT67537
=530  \\$aAlso available on microfilm and in the U.K. Parliamentary Papers database which can be accessed by on-site users.
=650  \0$aInclosures$zEngland$zLincolnshire$vEarly works to 1800.
=650  \0$aCommons$zEngland$zLincolnshire$vEarly works to 1800.
=655  \7$aBills.$2rbgenr
=700  0\$aGeorge$bIII,$cKing of Great Britain,$d1738-1820,$eformer owner.$5Uk
=700  0\$aGeorge$bIV,$cKing of Great Britain,$d1762-1830,$edonor.$5Uk
=752  \\$aGreat Britain$bEngland$dLondon.
=852  41$aBritish Library$bHMNTS$j214.i.1.(63)
=852  41$aBritish Library$bHMNTS$jB.S.Ref.2/31.(45)
=856  41$uhttps://parlipapers.proquest.com/parlipapers/docview/t70.d75.pb-002148?$yProquest U.K. Parliamentary Papers
=CAT  \\$a3251$b40$c20190812$lBLL01$h1202
=FIN  \\$aY$d20190812
=FMT  \\$a  BK
=LAS  \\$a3251$b40$c20190812$lBLL01$h1202
=SRC  \\$aESTC

