=LDR  01726 am a2200397   4500
=001  019502893
=003  Uk
=005  20190812123237.0
=008  790922s1767\\\\enk\\\\\\\\\\o000\0\eng\c
=035  \\$a(Uk-ES)006338610
=040  \\$aUk-ES$cUk-ES$dCStRLIN$dUk-ES$edcrmb
=110  1\$aGreat Britain.$bParliament.
=240  10$aBills. 1767-02-19
=245  13$aAn act for dividing and inclosing a certain common, called Tarn Moor, in the township of Skipton, in the West Riding of the County of York, and for applying the produce thereof towards the relief of the poor of the said township.
=264  \1$a[London] :$b[s.n.],$c[1767]
=300  \\$a9, [1] p. ;$c33 cm (2⁰)
=500  \\$aCaption title.
=500  \\$aWith a docket title.
=500  \\$aEnacted: Private Acts, 7 Geo. III.c.45.
=500  \\$aWoodcut head-piece; woodcut factotum.
=500  \\$aSignatures: A-B² [chi]1.
=510  4\$aESTC,$cT67521
=530  \\$aAlso available on microfilm and in the U.K. Parliamentary Papers database which can be accessed by on-site users.
=650  \0$aCommons$zEngland$zYorkshire$vEarly works to 1800.
=655  \7$aBills.$2rbgenr
=700  0\$aGeorge$bIII,$cKing of Great Britain,$d1738-1820,$eformer owner.$5Uk
=700  0\$aGeorge$bIV,$cKing of Great Britain,$d1762-1830,$edonor.$5Uk
=752  \\$aGreat Britain$bEngland$dLondon.
=852  41$aBritish Library$bHMNTS$j214.i.1.(19)
=852  41$aBritish Library$bHMNTS$jB.S.Ref.2/31.(29)
=856  41$uhttps://parlipapers.proquest.com/parlipapers/docview/t70.d75.pb-002132?$yProquest U.K. Parliamentary Papers
=CAT  \\$a3251$b40$c20190812$lBLL01$h1232
=FIN  \\$aY$d20190812
=FMT  \\$a  BK
=LAS  \\$a3251$b40$c20190812$lBLL01$h1232
=SRC  \\$aESTC

