=LDR  01755 am a2200397   4500
=001  019502909
=003  Uk
=005  20190812130224.0
=008  790922s1767\\\\enk\\\\\\\\\\o000\0\eng\c
=035  \\$a(Uk-ES)006338604
=040  \\$aUk-ES$cUk-ES$dCStRLIN$dUk-ES$edcrmb
=110  1\$aGreat Britain.$bParliament.
=240  10$aBills. 1767-02-20
=245  13$aAn act for dividing and inclosing the open fields, meadows, common pastures, and commonable lands, lying south of the turnpike road leading from Nottingham to Alfreton, within the liberties and townships of Lenton and Radford, in the county of Nottingham.
=264  \1$a[London] :$b[s.n.],$c[1767]
=300  \\$a18, [2] p. ;$c33 cm (2⁰)
=500  \\$aCaption title.
=500  \\$aDocket title dated 1767.
=500  \\$aEnacted: Private Acts, 7 Geo.III.c.36.
=500  \\$aWoodcut head-piece; woodcut factotum.
=500  \\$aSignatures: A-E².
=510  4\$aESTC,$cT67515
=530  \\$aAlso available on microfilm and in the U.K. Parliamentary Papers database which can be accessed by on-site users.
=650  \0$aCommons$zEngland$zNottinghamshire$vEarly works to 1800.
=655  \7$aBills.$2rbgenr
=700  0\$aGeorge$bIII,$cKing of Great Britain,$d1738-1820,$eformer owner.$5Uk
=700  0\$aGeorge$bIV,$cKing of Great Britain,$d1762-1830,$edonor.$5Uk
=752  \\$aGreat Britain$bEngland$dLondon.
=852  41$aBritish Library$bHMNTS$jB.S.Ref.2/31.(23)
=852  41$aBritish Library$bHMNTS$j214.i.1.(20)
=856  41$uhttps://parlipapers.proquest.com/parlipapers/docview/t70.d75.pb-002126?$yProquest U.K. Parliamentary Papers
=CAT  \\$a3251$b40$c20190812$lBLL01$h1302
=FIN  \\$aY$d20190812
=FMT  \\$a  BK
=LAS  \\$a3251$b40$c20190812$lBLL01$h1302
=SRC  \\$aESTC

