=LDR  01638 am a2200397   4500
=001  019507994
=003  Uk
=005  20190816104723.0
=008  790922s1767\\\\enk\\\\\\\\\\o000\0\eng\c
=035  \\$a(Uk-ES)006338585
=040  \\$aUk-ES$cUk-ES$dCStRLIN$dUk-ES$edcrmb
=110  1\$aGreat Britain.$bParliament.
=240  10$aBills. 1767-01-23
=245  13$aAn act for dividing and inclosing certain open and common fields, and commonable lands, in the parish of Sandford, in the county of Oxford.
=264  \1$a[London] :$b[s.n.],$c[1767]
=300  \\$a20 p. ;$c33 cm (2⁰)
=500  \\$aCaption title.
=500  \\$aWith a docket title.
=500  \\$aEnacted: Private Acts, 7 Geo.III.c.8.
=500  \\$aWoodcut head-piece; woodcut factotum.
=500  \\$aSignatures: A-E².
=510  4\$aESTC,$cT67496
=530  \\$aAlso available on microfilm and in the U.K. Parliamentary Papers database which can be accessed by on-site users.
=650  \0$aCommons$zEngland$zOxfordshire$vEarly works to 1800.
=655  \7$aBills.$2rbgenr
=700  0\$aGeorge$bIII,$cKing of Great Britain,$d1738-1820,$eformer owner.$5Uk
=700  0\$aGeorge$bIV,$cKing of Great Britain,$d1762-1830,$edonor.$5Uk
=752  \\$aGreat Britain$bEngland$dLondon.
=852  41$aBritish Library$bHMNTS$jB.S.Ref.2/31.(4)
=852  41$aBritish Library$bHMNTS$j214.i.1.(22)
=856  41$uhttps://parlipapers.proquest.com/parlipapers/docview/t70.d75.pb-002107?accountid=9735$yProquest U.K. Parliamentary Papers
=CAT  \\$a3251$b40$c20190816$lBLL01$h1047
=FIN  \\$aY$d20190816
=FMT  \\$a  BK
=LAS  \\$a3251$b40$c20190816$lBLL01$h1047
=SRC  \\$aESTC

