=LDR  01712 am a2200397   4500
=001  019508170
=003  Uk
=005  20190816144430.0
=008  791208s1767\\\\enk\\\\\\\\\\o000\0\eng\c
=035  \\$a(Uk-ES)006339038
=040  \\$aUk-ES$cUk-ES$dCStRLIN$dUk-ES$edcrmb
=110  1\$aGreat Britain.$bParliament.
=240  10$aBills. 1767-04-29
=245  13$aAn act for dividing, allotting, and inclosing the whole year lands and pasture grounds, half year inclosures, common fields, and common or heath ground, in the parish of Shernborn, in the county of Norfolk.
=264  \1$a[London] :$b[s.n.],$c[1767]
=300  \\$a28, [2] p. ;$c33 cm (2⁰)
=500  \\$aCaption title.
=500  \\$aDocket title dated 1767.
=500  \\$aEnacted: Private Acts, 7 Geo.III.c.109.
=500  \\$aWoodcut head-piece; woodcut factotum.
=500  \\$aSignatures: A-F² G²(-G2) H².
=510  4\$aESTC,$cT67956
=530  \\$aAlso available on microfilm and in the U.K. Parliamentary Papers database which can be accessed by on-site users.
=650  \0$aCommons$zEngland$zNorfolk$vEarly works to 1800.
=655  \7$aBills.$2rbgenr
=700  0\$aGeorge$bIII,$cKing of Great Britain,$d1738-1820,$eformer owner.$5Uk
=700  0\$aGeorge$bIV,$cKing of Great Britain,$d1762-1830,$edonor.$5Uk
=752  \\$aGreat Britain$bEngland$dLondon.
=852  41$aBritish Library$bHMNTS$j214.i.1.(23)
=852  41$aBritish Library$bHMNTS$jB.S.Ref.2/32.(39)
=856  41$uhttps://parlipapers.proquest.com/parlipapers/docview/t70.d75.pb-002195?$yProquest U.K. Parliamentary Papers
=CAT  \\$a3251$b40$c20190816$lBLL01$h1444
=FIN  \\$aY$d20190816
=FMT  \\$a  BK
=LAS  \\$a3251$b40$c20190816$lBLL01$h1444
=SRC  \\$aESTC

