=LDR  01801 am a2200397   4500
=001  019515014
=003  Uk
=005  20190821104445.0
=008  790922s1767\\\\enk\\\\\\\\\\o000\0\eng\c
=035  \\$a(Uk-ES)006338609
=040  \\$aUk-ES$cUk-ES$dCU-RivES$dCStRLIN$dCU-RivES$dUk-ES$edcrmb
=110  1\$aGreat Britain.$bParliament.
=240  10$aBills. 1767-02-11
=245  13$aAn act for confirming a contract of lease of mines between Charles Duke of Queensberry and Dover of the one part, and Patrick Crawfurd, Janes Crawfurd, and Gilbert Meason, of the other part; and for enabling the said Duke, and his heirs of entail, to grant leases in terms of the said contract.
=264  \1$a[London] :$b[s.n.],$c[1767]
=300  \\$a13, [1] p. ;$c33 cm (2⁰)
=500  \\$aCaption title.
=500  \\$aEnacted: Private Acts, 7 Geo.III.c.44.
=500  \\$aWith a docket title.
=500  \\$aWoodcut head-piece; woodcut factotum.
=500  \\$aSignatures: A-C² [chi]1.
=510  4\$aESTC,$cT67520
=530  \\$aAlso available on microfilm and in the U.K. Parliamentary Papers database which can be accessed by on-site users.
=655  \7$aBills,$2rbgenr
=700  0\$aGeorge$bIII,$cKing of Great Britain,$d1738-1820,$eformer owner.$5Uk
=700  0\$aGeorge$bIV,$cKing of Great Britain,$d1762-1830,$edonor.$5Uk
=752  \\$aGreat Britain$bEngland$dLondon.
=852  41$aBritish Library$bHMNTS$jB.S.302/66.(44)
=852  41$aBritish Library$bHMNTS$j214.i.1.(43)
=852  41$aBritish Library$bHMNTS$jB.S.Ref.2/31.(28)
=856  41$uhttps://parlipapers.proquest.com/parlipapers/docview/t70.d75.pb-002131?$yProquest U.K. Parliamentary Papers
=CAT  \\$a3251$b40$c20190821$lBLL01$h1044
=FIN  \\$aY$d20190821
=FMT  \\$a  BK
=LAS  \\$a3251$b40$c20190821$lBLL01$h1044
=SRC  \\$aESTC

