=LDR  01816 am a2200361   4500
=001  019515081
=003  Uk
=005  20190821122215.0
=008  790922s1767\\\\enk\\\\\\\\\\o000\0\eng\c
=035  \\$a(Uk-ES)006338594
=040  \\$aUk-ES$cUk-ES$dCU-RivES$dCStRLIN$dCU-RivES$dUk-ES$edcrmb
=110  1\$aGreat Britain.$bParliament.
=240  10$aBills. 1767-02-02
=245  13$aAn act to enable the devisees for life named in the will of Pierce Starkie, Esquire, deceased, and trustees, to cut down and sell timber upon the freehold and copyhold or customary estates, late of the said Pierce Starkie, in the counties ot York and Lancaster; and to grant leases of the quarries, mines, and minerals within the freehold estates late of the said Pierce Starkie, in the same counties; and to invest the monies arising there-from in the purchase of lands and hereditaments, to be settled to the uses of the said will.
=264  \1$a[London] :$b[s.n.],$c[1767]
=300  \\$a14 p. ;$c32 cm (2⁰)
=500  \\$aCaption title.
=500  \\$aEnacted: Private Acts, 7 Geo.III.c.26.
=500  \\$aWith a docket title.
=500  \\$aAn earlier edition with blanks.
=500  \\$aWoodcut head-piece; woodcut factotum.
=500  \\$aSignatures: A-C² D²(-D2).
=510  4\$aESTC,$cT67505
=530  \\$aAlso available on microfilm and in the U.K. Parliamentary Papers database which can be accessed by on-site users.
=655  \7$aBills.$2rbgenr
=752  \\$aGreat Britain$bEngland$dLondon.
=852  41$aBritish Library$bHMNTS$jB.S.Ref.2/31.(13)
=856  41$uhttps://parlipapers.proquest.com/parlipapers/docview/t70.d75.pb-002116?$yProquest U.K. Parliamentary Papers
=CAT  \\$a3251$b40$c20190821$lBLL01$h1222
=FIN  \\$aY$d20190821
=FMT  \\$a  BK
=LAS  \\$a3251$b40$c20190821$lBLL01$h1222
=SRC  \\$aESTC

