=LDR  01876 am a2200397   4500
=001  019515106
=003  Uk
=005  20190821130340.0
=008  791208s1767\\\\enk\\\\\\\\\\o000\0\eng\c
=035  \\$a(Uk-ES)006339027
=040  \\$aUk-ES$cUk-ES$dCStRLIN$dUk-ES$edcrmb
=110  1\$aGreat Britain.$bParliament.
=240  10$aBills. 1767-04-08
=245  13$aAn act for vesting several lands and tenements settled and entailed upon William Earl of Radnor, and his issue, by the wills of Jacob late Viscount Folkestone, and Sir Edward Des Bouverie, Baronet, deceased in trustees, to be sold and for purchasing and settling other lands and hereditaments in lieu thereof, and to impower the tenants for life, to make such leases as are therein mentioned.
=264  \1$a[London] :$b[s.n.],$c[1767]
=300  \\$a17, [1] p. ;$c33 cm (2⁰)
=500  \\$aCaption title.
=500  \\$aDocket title dated 1767.
=500  \\$aEnacted: Private Acts, 7 Geo.III.c.97.
=500  \\$aSignatures: A-C² D²(-D2) E².
=510  4\$aESTC,$cT67945
=530  \\$aAlso available on microfilm and in the U.K. Parliamentary Papers database which can be accessed by on-site users.
=650  \0$aLandowners$vEarly works to 1800.
=655  \7$aBills.$2rbgenr
=700  0\$aGeorge$bIII,$cKing of Great Britain,$d1738-1820,$eformer owner.$5Uk
=700  0\$aGeorge$bIV,$cKing of Great Britain,$d1762-1830,$edonor.$5Uk
=752  \\$aGreat Britain$bEngland$dLondon.
=852  41$aBritish Library$bHMNTS$j214.i.1.(37)
=852  41$aBritish Library$bHMNTS$jB.S.Ref.2/32.(27)
=856  41$uhttps://parlipapers.proquest.com/parlipapers/docview/t70.d75.pb-002183?$yProquest U.K. Parliamentary Papers
=CAT  \\$a3251$b40$c20190821$lBLL01$h1300
=CAT  \\$a3251$b40$c20190821$lBLL01$h1303
=FIN  \\$aY$d20190821
=FMT  \\$a  BK
=LAS  \\$a3251$b40$c20190821$lBLL01$h1303
=SRC  \\$aESTC

