=LDR  01652 am a2200397   4500
=001  019516788
=003  Uk
=005  20190822131948.0
=008  790922s1767\\\\enk\\\\\\\\\\o000\0\eng\c
=035  \\$a(Uk-ES)006338600
=040  \\$aUk-ES$cUk-ES$dCStRLIN$dUk-ES$edcrmb
=110  1\$aGreat Britain.$bParliament.
=240  10$aBills. 1767-02-09
=245  13$aAn act for dividing and inclosing the several open and common fields, and commonable lands, within the parish of Olney, in the county of Bucks.
=264  \1$a[London] :$b[s.n.],$c[1767]
=300  \\$a17, [1] p. ;$c33 cm (2⁰)
=500  \\$aCaption title.
=500  \\$aDocket title dated 1767.
=500  \\$aEnacted: Private Acts, 7 Geo.III.c.32.
=500  \\$aWoodcut head-piece; woodcut factotum.
=500  \\$aSignatures: A-D² E²(-E2).
=510  4\$aESTC,$cT67511
=530  \\$aAlso available on microfilm and in the U.K. Parliamentary Papers database which can be accessed by on-site users.
=650  \0$aCommons$zEngland$zBuckinghamshire$vEarly works to 1800.
=655  \7$aBills.$2rbgenr
=700  0\$aGeorge$bIII,$cKing of Great Britain,$d1738-1820,$eformer owner.$5Uk
=700  0\$aGeorge$bIV,$cKing of Great Britain,$d1762-1830,$edonor.$5Uk
=752  \\$aGreat Britain$bEngland$dLondon.
=852  41$aBritish Library$bHMNTS$jB.S.Ref.2/31.(19)
=852  41$aBritish Library$bHMNTS$j214.i.1.(30)
=856  41$uhttps://parlipapers.proquest.com/parlipapers/docview/t70.d75.pb-002122?$yProquest U.K. Parliamentary Papers
=CAT  \\$a3251$b40$c20190822$lBLL01$h1319
=FIN  \\$aY$d20190822
=FMT  \\$a  BK
=LAS  \\$a3251$b40$c20190822$lBLL01$h1319
=SRC  \\$aESTC

