=LDR  01742 am a2200409   4500
=001  019517277
=003  Uk
=005  20190823102307.0
=008  790922s1767\\\\enk\\\\\\\\\\o000\0\eng\c
=035  \\$a(Uk-ES)006338607
=040  \\$aUk-ES$cUk-ES$dCStRLIN$dUk-ES$edcrmb
=110  1\$aGreat Britain.$bParliament.
=240  10$aBills. 1767-02-02
=245  13$aAn act for inclosing, alloting, and dividing the commons and waste grounds, open common fields and open common meadow grounds, in the manor of Leigh, in the parish of Ashen-Keynes, in the County of Wilts
=264  \1$a[London] :$b[s.n.],$c[1767]
=300  \\$a14, [2] p. ;$c33 cm (2⁰)
=500  \\$aCaption title.
=500  \\$aWith a docket title.
=500  \\$aEnacted: Private Acts, 7 Geo. III.c.39.
=500  \\$aWoodcut head-piece; woodcut factotum.
=500  \\$aSignatures: A-D².
=510  4\$aESTC,$cT67518
=530  \\$aAlso available on microfilm and in the U.K. Parliamentary Papers database which can be accessed by on-site users.
=650  \0$aCommons$zEngland$zWiltshire$vEarly works to 1800.
=655  \7$aBills.$2rbgenr
=700  0\$aGeorge$bIII,$cKing of Great Britain,$d1738-1820,$eformer owner.$5Uk
=700  0\$aGeorge$bIV,$cKing of Great Britain,$d1762-1830,$edonor.$5Uk
=752  \\$aGreat Britain$bEngland$dLondon.
=852  41$aBritish Library$bHMNTS$jB.S.Ref.2/31.(26)
=852  41$aBritish Library$bHMNTS$j214.i.1.(31)
=856  41$uhttps://parlipapers.proquest.com/parlipapers/docview/t70.d75.pb-002129?$yProquest U.K. Parliamentary Papers
=CAT  \\$a3251$b40$c20190823$lBLL01$h0954
=CAT  \\$a3251$b40$c20190823$lBLL01$h1023
=FIN  \\$aY$d20190823
=FMT  \\$a  BK
=LAS  \\$a3251$b40$c20190823$lBLL01$h1023
=SRC  \\$aESTC

