=LDR  01791 am a2200397   4500
=001  019517287
=003  Uk
=005  20190823102015.0
=008  791208s1767\\\\enk\\\\\\\\\\o000\0\eng\c
=035  \\$a(Uk-ES)006339040
=040  \\$aUk-ES$cUk-ES$dCU-RivES$dCStRLIN$dCU-RivES$dUk-ES$edcrmb
=110  1\$aGreat Britain.$bParliament.
=240  10$aBills. 1767-05-14
=245  13$aAn act to amend and register more effectual so much of an Act, made in the thirty-first year of the reign of his late Majesty, as relates to the draining and working certain coal mines in the manor of Wilnecote, in the county of Warwick.
=264  \1$a[London] :$b[s.n.],$c[1767]
=300  \\$a11, [1] p. ;$c33 cm (2⁰)
=500  \\$aCaption title.
=500  \\$aDocket title dated 1767.
=500  \\$aEnacted: Private Acts, 7 Geo.III.c.113.
=500  \\$aRead first time as 'A bill for making soughs, or drains in the manor of Wilnecote, .. '.
=500  \\$aWoodcut head-piece; woodcut factotum.
=500  \\$aSignatures: A-C².
=510  4\$aESTC,$cT67958
=530  \\$aAlso available on microfilm and in the U.K. Parliamentary Papers database which can be accessed by on-site users.
=655  \7$aBills.$2rbgenr
=700  0\$aGeorge$bIII,$cKing of Great Britain,$d1738-1820,$eformer owner.$5Uk
=700  0\$aGeorge$bIV,$cKing of Great Britain,$d1762-1830,$edonor.$5Uk
=752  \\$aGreat Britain$bEngland$dLondon.
=852  41$aBritish Library$bHMNTS$jB.S.Ref.2/32.(43)
=852  41$aBritish Library$bHMNTS$j214.i.1.(32)
=856  41$uhttps://parlipapers.proquest.com/parlipapers/docview/t70.d75.pb-002199?$yProquest U.K. Parliamentary Papers
=CAT  \\$a3251$b40$c20190823$lBLL01$h1020
=FIN  \\$aY$d20190823
=FMT  \\$a  BK
=LAS  \\$a3251$b40$c20190823$lBLL01$h1020
=SRC  \\$aESTC

