=LDR  01837 am a2200385   4500
=001  019522251
=003  Uk
=005  20190829123310.0
=008  791208s1767\\\\enk\\\\\\\\\\o000\0\eng\c
=035  \\$a(Uk-ES)006339046
=040  \\$aUk-ES$cUk-ES$dCU-RivES$dCStRLIN$dCU-RivES$dUk-ES$edcrmb
=110  1\$aGreat Britain.$bParliament.
=240  10$aBills. 1767-03-31
=245  13$aAn act to enable his Majesty to grant the inheritance in fee-simple of divers manors, lands, and hereditaments, in the county of York, demised to Constantine Phipps, Esquire, by letters patent under the seal of his Majesty's Court of Exchequer, unto the said Constantine Phipps and Constantine John Phipps his eldest son, upon a full and adequate consideration to be paid for the same.
=264  \1$a[London] :$b[s.n.],$c[1767]
=300  \\$a5, [1] p. ;$c33 cm (2⁰)
=500  \\$aDocket title dated 1767.
=500  \\$aEnacted: Private Acts, 7 Geo.III.c.83.
=500  \\$aCaption title.
=500  \\$aWoodcut head-piece; woodcut factotum.
=500  \\$aSignatures: A² [chi]1.
=510  4\$aESTC,$cT67964
=530  \\$aAlso available on microfilm and in the U.K. Parliamentary Papers database which can be accessed by on-site users.
=655  \7$aBills.$2rbgenr
=700  0\$aGeorge$bIII,$cKing of Great Britain,$d1738-1820,$eformer owner.$5Uk
=700  0\$aGeorge$bIV,$cKing of Great Britain,$d1762-1830,$edonor.$5Uk
=752  \\$aGreat Britain$bEngland$dLondon.
=852  41$aBritish Library$bHMNTS$jB.S.Ref.2/32.(15)
=852  41$aBritish Library$bHMNTS$j214.i.1.(33)
=856  41$uhttps://parlipapers.proquest.com/parlipapers/docview/t70.d75.pb-002171?$yProquest U.K. Parliamentary Papers
=CAT  \\$a3251$b40$c20190829$lBLL01$h1233
=FIN  \\$aY$d20190829
=FMT  \\$a  BK
=LAS  \\$a3251$b40$c20190829$lBLL01$h1233
=SRC  \\$aESTC

