=LDR  01646 am a2200373   4500
=001  019522268
=003  Uk
=005  20190829130418.0
=008  791208s1767\\\\enk\\\\\\\\\\o000\0\eng\c
=035  \\$a(Uk-ES)006339030
=040  \\$aUk-ES$cUk-ES$dCStRLIN$dUk-ES$edcrmb
=110  1\$aGreat Britain.$bParliament.
=240  10$aBills. 1767-02-23
=245  13$aAn act for vesting part of the settled estate of Benjamin Booth, Esquire, and Jane his wife, in the county of Salop, in trustees, to be sold; and for laying out the money arising from such sales, in the purchase of lands and hereditaments, to be settled to the like uses.
=264  \1$a[London] :$b[s.n.],$c[1767]
=300  \\$a11, [1] p. ;$c33 cm (2⁰)
=500  \\$aDocket title dated 1767.
=500  \\$aCaption title.
=500  \\$aEnacted: Private Acts, 7 Geo.III.c.101.
=500  \\$aSignatures: A-C².
=510  4\$aESTC,$cT67948
=530  \\$aAlso available on microfilm and in the U.K. Parliamentary Papers database which can be accessed by on-site users.
=655  \7$aBills.$2rbgenr
=700  0\$aGeorge$bIII,$cKing of Great Britain,$d1738-1820,$eformer owner.$5Uk
=700  0\$aGeorge$bIV,$cKing of Great Britain,$d1762-1830,$edonor.$5Uk
=752  \\$aGreat Britain$bEngland$dLondon.
=852  41$aBritish Library$bHMNTS$jB.S.Ref.2/32.(31)
=852  41$aBritish Library$bHMNTS$j214.i.1.(34)
=856  41$uhttps://parlipapers.proquest.com/parlipapers/docview/t70.d75.pb-002187?$yProquest U.K. Parliamentary Papers
=CAT  \\$a3251$b40$c20190829$lBLL01$h1304
=FIN  \\$aY$d20190829
=FMT  \\$a  BK
=LAS  \\$a3251$b40$c20190829$lBLL01$h1304
=SRC  \\$aESTC

