=LDR  01766 am a2200373   4500
=001  019522322
=003  Uk
=005  20190829143512.0
=008  791208s1767\\\\enk\\\\\\\\\\o000\0\eng\c
=035  \\$a(Uk-ES)006339031
=040  \\$aUk-ES$cUk-ES$dCStRLIN$dUk-ES$edcrmb
=110  1\$aGreat Britain.$bParliament.
=240  10$aBills. 1767-05-08
=245  13$aAn act for vesting part of the settled estate of William Hoskins, Esquire, deceased, in the counties of Surry and Kent, in trustees, to be sold for discharging money due upon a mortgage of his estate in Kent, called Hethenden Farm, and other debts and incumbrances; and for settling the said estate called Hethenden Farm, so disincumbered, to and for the uses and purposes therein mentioned.
=264  \1$a[London] :$b[s.n.],$c[1767]
=300  \\$a15, [1] p. ;$c33 cm (2⁰)
=500  \\$aCaption title.
=500  \\$aDocket title dated 1767.
=500  \\$aEnacted: Private Acts, 7 Geo.III.c.102.
=500  \\$aSignatures: A-D².
=510  4\$aESTC,$cT67949
=530  \\$aAlso available on microfilm and in the U.K. Parliamentary Papers database which can be accessed by on-site users.
=655  \7$aBills.$2rbgenr
=700  0\$aGeorge$bIII,$cKing of Great Britain,$d1738-1820,$eformer owner.$5Uk
=700  0\$aGeorge$bIV,$cKing of Great Britain,$d1762-1830,$edonor.$5Uk
=752  \\$aGreat Britain$bEngland$dLondon.
=852  41$aBritish Library$bHMNTS$jB.S.Ref.2/32.(32)
=852  41$aBritish Library$bHMNTS$j214.i.1.(35)
=856  41$uhttps://parlipapers.proquest.com/parlipapers/docview/t70.d75.pb-002188?$yProquest U.K. Parliamentary Papers
=CAT  \\$a3251$b40$c20190829$lBLL01$h1435
=FIN  \\$aY$d20190829
=FMT  \\$a  BK
=LAS  \\$a3251$b40$c20190829$lBLL01$h1435
=SRC  \\$aESTC

