=LDR  01719 am a2200385   4500
=001  019522341
=003  Uk
=005  20190829145407.0
=008  791208s1767\\\\enk\\\\\\\\\\o000\0\eng\c
=035  \\$a(Uk-ES)006339026
=040  \\$aUk-ES$cUk-ES$dCStRLIN$dUk-ES$edcrmb
=110  1\$aGreat Britain.$bParliament.
=240  10$aBills. 1767-04-13
=245  13$aAn act for vesting part of the settled estate of Richard Williamson, Esquire, in trustees, to be sold; and for applying the money arising by such sale for reimbursing the said Richard Williamson the expences he has been at in improving the said estate, and other purposes therein mentioned.
=264  \1$a[London] :$b[s.n.],$c[1767]
=300  \\$a19, [1] p. ;$c33 cm (2⁰)
=500  \\$aCaption title.
=500  \\$aDocket title dated 1767.
=500  \\$aEnacted: Private Acts, 7 Geo.III.c.100.
=500  \\$aWoodcut head-piece; woodcut factotum.
=500  \\$aSignatures: A-E².
=510  4\$aESTC,$cT67944
=530  \\$aAlso available on microfilm and in the U.K. Parliamentary Papers database which can be accessed by on-site users.
=655  \7$aBills.$2rbgenr
=700  0\$aGeorge$bIII,$cKing of Great Britain,$d1738-1820,$eformer owner.$5Uk
=700  0\$aGeorge$bIV,$cKing of Great Britain,$d1762-1830,$edonor.$5Uk
=752  \\$aGreat Britain$bEngland$dLondon.
=852  41$aBritish Library$bHMNTS$jB.S.Ref.2/32.(30)
=852  41$aBritish Library$bHMNTS$j214.i.1.(36)
=856  41$uhttps://parlipapers.proquest.com/parlipapers/docview/t70.d75.pb-002186?$yProquest U.K. Parliamentary Papers
=CAT  \\$a3251$b40$c20190829$lBLL01$h1454
=FIN  \\$aY$d20190829
=FMT  \\$a  BK
=LAS  \\$a3251$b40$c20190829$lBLL01$h1454
=SRC  \\$aESTC

