=LDR  01764 am a2200385   4500
=001  019522813
=003  Uk
=005  20190830093305.0
=008  791208s1767\\\\enk\\\\\\\\\\o000\0\eng\c
=035  \\$a(Uk-ES)006339024
=040  \\$aUk-ES$cUk-ES$dCU-RivES$dCStRLIN$dCU-RivES$dUk-ES$edcrmb
=110  1\$aGreat Britain.$bParliament.
=240  10$aBills. 1767-04-08
=245  13$aAn act for vesting divers messuages, lands, and hereditaments, in the county of Norfolk, devised by the wills of John Woodcock and Mary Platfoot, deceased, in Matthew Pepper Manby and his heirs, and for settling other lands and hereditaments in the same county in lieu thereof to the uses therein mentioned.
=264  \1$a[London] :$b[s.n.],$c[1767]
=300  \\$a9, [1] p. ;$c33 cm (2⁰)
=500  \\$aCaption title.
=500  \\$aDocket title dated 1767.
=500  \\$aEnacted: Private Acts, 7 Geo.III.c.81.
=500  \\$aWoodcut ornaments; woodcut factotum.
=500  \\$aSignatures: A² B²(-B2) C².
=510  4\$aESTC,$cT67942
=530  \\$aAlso available on microfilm and in the U.K. Parliamentary Papers database which can be accessed by on-site users.
=655  \7$aBills.$2rbgenr
=700  0\$aGeorge$bIII,$cKing of Great Britain,$d1738-1820,$eformer owner.$5Uk
=700  0\$aGeorge$bIV,$cKing of Great Britain,$d1762-1830,$edonor.$5Uk
=752  \\$aGreat Britain$bEngland$dLondon.
=852  41$aBritish Library$bHMNTS$jB.S.Ref.2/32.(13)
=852  41$aBritish Library$bHMNTS$j214.i.1.(38)
=856  41$uhttps://parlipapers.proquest.com/parlipapers/docview/t70.d75.pb-002169?$yProquest U.K. Parliamentary Papers
=CAT  \\$a3251$b40$c20190830$lBLL01$h0933
=FIN  \\$aY$d20190830
=FMT  \\$a  BK
=LAS  \\$a3251$b40$c20190830$lBLL01$h0933
=SRC  \\$aESTC

