=LDR  01563 am a2200373   4500
=001  019522877
=003  Uk
=005  20190830120519.0
=008  791208s1767\\\\enk\\\\\\\\\\o000\0\eng\c
=035  \\$a(Uk-ES)006339019
=040  \\$aUk-ES$cUk-ES$dCStRLIN$dUk-ES$edcrmb
=110  1\$aGreat Britain.$bParliament.
=240  10$aBills. 1767-03-19
=245  13$aAn act to impower Richard Rycroft, clerk, and his issue, claiming under his marriage settlement, to grant building leases of houses and grounds in Clarges Street, in the county of Middlesex.
=264  \1$a[London] :$b[s.n.],$c[1767]
=300  \\$a10, [2] p. ;$c33 cm (2⁰)
=500  \\$aCaption title.
=500  \\$aDocket title dated 1767.
=500  \\$aEnacted: Private Acts, 7 Geo.III.c.76.
=500  \\$aSignatures: A-C².
=510  4\$aESTC,$cT67937
=530  \\$aAlso available on microfilm and in the U.K. Parliamentary Papers database which can be accessed by on-site users.
=655  \7$aBills.$2rbgenr
=700  0\$aGeorge$bIII,$cKing of Great Britain,$d1738-1820,$eformer owner.$5Uk
=700  0\$aGeorge$bIV,$cKing of Great Britain,$d1762-1830,$edonor.$5Uk
=752  \\$aGreat Britain$bEngland$dLondon.
=852  41$aBritish Library$bHMNTS$j214.i.1.(39)
=852  41$aBritish Library$bHMNTS$jB.S.Ref.2/32.(8)
=856  41$uhttps://parlipapers.proquest.com/parlipapers/docview/t70.d75.pb-002164?$yProquest U.K. Parliamentary Papers
=CAT  \\$a3251$b40$c20190830$lBLL01$h1205
=FIN  \\$aY$d20190830
=FMT  \\$a  BK
=LAS  \\$a3251$b40$c20190830$lBLL01$h1205
=SRC  \\$aESTC

