=LDR  01635 am a2200385   4500
=001  019522884
=003  Uk
=005  20190830122635.0
=008  791208s1767\\\\enk\\\\\\\\\\o000\0\eng\c
=035  \\$a(Uk-ES)006339016
=040  \\$aUk-ES$cUk-ES$dCStRLIN$dUk-ES$edcrmb
=110  1\$aGreat Britain.$bParliament.
=240  10$aBills. 1767-03-17
=245  13$aAn act for the sale of part of the settled estates of Matthew Henry Witham, Esquire, in the county of York, for the discharging the debts and incumbrances thereon, and for other purposes therein expressed.
=264  \1$a[London] :$b[s.n.],$c[1767]
=300  \\$a17, [3] p. ;$c33 cm (2⁰)
=500  \\$aCaption title.
=500  \\$aWith a docket title.
=500  \\$aEnacted: Private Acts, 7 Geo.III.c.73.
=500  \\$aWoodcut ornaments; woodcut factotum.
=500  \\$aSignatures: A-D² [chi]².
=510  4\$aESTC,$cT67934
=530  \\$aAlso available on microfilm and in the U.K. Parliamentary Papers database which can be accessed by on-site users.
=655  \7$aBills.$2rbgenr
=700  0\$aGeorge$bIII,$cKing of Great Britain,$d1738-1820,$eformer owner.$5Uk
=700  0\$aGeorge$bIV,$cKing of Great Britain,$d1762-1830,$edonor.$5Uk
=752  \\$aGreat Britain$bEngland$dLondon.
=852  41$aBritish Library$bHMNTS$jB.S.Ref.2/32.(5)
=852  41$aBritish Library$bHMNTS$j214.i.1.(40)
=856  41$uhttps://parlipapers.proquest.com/parlipapers/docview/t70.d75.pb-002161?$yProquest U.K. Parliamentary Papers
=CAT  \\$a3251$b40$c20190830$lBLL01$h1226
=FIN  \\$aY$d20190830
=FMT  \\$a  BK
=LAS  \\$a3251$b40$c20190830$lBLL01$h1226
=SRC  \\$aESTC

