=LDR  01624 am a2200385   4500
=001  019522898
=003  Uk
=005  20190830132121.0
=008  790922s1767\\\\enk\\\\\\\\\\o000\0\eng\c
=035  \\$a(Uk-ES)006338624
=040  \\$aUk-ES$cUk-ES$dCStRLIN$dUk-ES$edcrmb
=110  1\$aGreat Britain.$bParliament.
=240  10$aBills. 1767-03-05
=245  13$aAn act for vesting part of the estate of John Talbot the younger, Esquire, settled upon his marriage, in trustees, for raising a further sum of money for discharging debts and incumbrances.
=264  \1$a[London] :$b[s.n.],$c[1767]
=300  \\$a17, [1] p. ;$c33 cm (2⁰)
=500  \\$aCaption title.
=500  \\$aDocket title dated 1767.
=500  \\$aEnacted: Private Acts, 7 Geo.III.c.60.
=500  \\$aWoodcut head-piece; woodcut factotum.
=500  \\$aSignatures: A-D² [chi]1.
=510  4\$aESTC,$cT67535
=530  \\$aAlso available on microfilm and in the U.K. Parliamentary Papers database which can be accessed by on-site users.
=655  \7$aBills.$2rbgenr
=700  0\$aGeorge$bIII,$cKing of Great Britain,$d1738-1820,$eformer owner.$5Uk
=700  0\$aGeorge$bIV,$cKing of Great Britain,$d1762-1830,$edonor.$5Uk
=752  \\$aGreat Britain$bEngland$dLondon.
=852  41$aBritish Library$bHMNTS$j214.i.1.(41)
=852  41$aBritish Library$bHMNTS$jB.S.Ref.2/31.(43)
=856  41$uhttps://parlipapers.proquest.com/parlipapers/docview/t70.d75.pb-002146?$yProquest U.K. Parliamentary Papers
=CAT  \\$a3251$b40$c20190830$lBLL01$h1321
=FIN  \\$aY$d20190830
=FMT  \\$a  BK
=LAS  \\$a3251$b40$c20190830$lBLL01$h1321
=SRC  \\$aESTC

