=LDR  01898 am a2200385   4500
=001  019522920
=003  Uk
=005  20190830145451.0
=008  790922s1767\\\\enk\\\\\\\\\\o000\0\eng\c
=035  \\$a(Uk-ES)006338623
=040  \\$aUk-ES$cUk-ES$dCStRLIN$dUk-ES$edcrmb
=110  1\$aGreat Britain.$bParliament.
=240  10$aBills. 1767-03-09
=245  13$aAn act for vesting part of the estates in the county palatine of Lancaster, settled upon the marriage of Fleetwood Hesketh Esquire with Frances his wife, in trustees, to be sold; and for applying the money arising from such sale in paying off divers debts and incumbrances affecting the same, and for other purposes therein mentioned; and also for substituting in lieu thereof a certain estate in the said county called Burne, lately purchased by the said Fleetwood Hesketh.
=264  \1$a[London] :$b[s.n.],$c[1767]
=300  \\$a18, [2] p. ;$c33 cm (2⁰)
=500  \\$aCaption title.
=500  \\$aWith a docket title.
=500  \\$aEnacted: Private Acts, 7 Geo.III.c.59.
=500  \\$aWoodcut head-piece; woodcut factotum.
=500  \\$aSignatures: A-E².
=510  4\$aESTC,$cT67534
=530  \\$aAlso available on microfilm and in the U.K. Parliamentary Papers database which can be accessed by on-site users.
=655  \7$aBills.$2rbgenr
=700  0\$aGeorge$bIII,$cKing of Great Britain,$d1738-1820,$eformer owner.$5Uk
=700  0\$aGeorge$bIV,$cKing of Great Britain,$d1762-1830,$edonor.$5Uk
=752  \\$aGreat Britain$bEngland$dLondon.
=852  41$aBritish Library$bHMNTS$jB.S.Ref.2/31.(42)
=852  41$aBritish Library$bHMNTS$j214.i.1.(42)
=856  41$uhttps://parlipapers.proquest.com/parlipapers/docview/t70.d75.pb-002145?$yProquest U.K. Parliamentary Papers
=CAT  \\$a3251$b40$c20190830$lBLL01$h1454
=FIN  \\$aY$d20190830
=FMT  \\$a  BK
=LAS  \\$a3251$b40$c20190830$lBLL01$h1454
=SRC  \\$aESTC

