=LDR  01685 am a2200385   4500
=001  019535218
=003  Uk
=005  20190904130513.0
=008  790922s1767\\\\enk\\\\\\\\\\o000\0\eng\c
=035  \\$a(Uk-ES)006338595
=040  \\$aUk-ES$cUk-ES$dCStRLIN$dUk-ES$edcrmb
=110  1\$aGreat Britain.$bParliament.
=240  10$aBills. 1767-02-06
=245  13$aAn act for annexing the rectory of Purleigh, in the county of Essex, to the office of provost of the house of the blessed Mary the Virgin in Oxford, commonly called Oriel College, of the Foundation of Edward the Second of famous memory, some time king of England.
=264  \1$a[London] :$b[s.n.],$c[1767]
=300  \\$a4 p. ;$c33 cm (2⁰)
=500  \\$aDocket title dated 1767.
=500  \\$aEnacted: Private Acts, 7 Geo.III.c.27.
=500  \\$aCaption title.
=500  \\$aWoodcut head-piece; woodcut factotum.
=500  \\$aSignatures: [A]².
=510  4\$aESTC,$cT67506
=530  \\$aAlso available on microfilm and in the U.K. Parliamentary Papers database which can be accessed by on-site users.
=655  \7$aBills.$2rbgenr
=700  0\$aGeorge$bIII,$cKing of Great Britain,$d1738-1820,$eformer owner.$5Uk
=700  0\$aGeorge$bIV,$cKing of Great Britain,$d1762-1830,$edonor.$5Uk
=752  \\$aGreat Britain$bEngland$dLondon.
=852  41$aBritish Library$bHMNTS$jB.S.Ref.2/31.(14)
=852  41$aBritish Library$bHMNTS$j214.i.1.(45)
=856  41$uhttps://parlipapers.proquest.com/parlipapers/docview/t70.d75.pb-002117?$yProquest U.K. Parliamentary Papers
=CAT  \\$a3251$b40$c20190904$lBLL01$h1305
=FIN  \\$aY$d20190904
=FMT  \\$a  BK
=LAS  \\$a3251$b40$c20190904$lBLL01$h1305
=SRC  \\$aESTC

