=LDR  01721 am a2200385   4500
=001  019535222
=003  Uk
=005  20190904131940.0
=008  790922s1767\\\\enk\\\\\\\\\\o000\0\eng\c
=035  \\$a(Uk-ES)006338593
=040  \\$aUk-ES$cUk-ES$dCU-RivES$dCStRLIN$dCU-RivES$dUk-ES$edcrmb
=110  1\$aGreat Britain.$bParliament.
=240  10$aBills. 1767-01-29
=245  13$aAn act for vesting the estate of James Lucy Dighton, an infant, in the parish of Sherborne, in the county of Oxford, in trustees, to be sold, and for applying the purchase money for discharging incumbrances affecting the same, pursuant to the directions of the Court of Chancery.
=264  \1$a[London] :$b[s.n.],$c[1767]
=300  \\$a12 p. ;$c33 cm (2⁰)
=500  \\$aDocket title dated 1767.
=500  \\$aEnacted: Private Acts, 7 Geo.III.c.25.
=500  \\$aCaption title.
=500  \\$aWoodcut head-piece; woodcut factotum.
=500  \\$aSignatures: A-C².
=510  4\$aESTC,$cT67504
=530  \\$aAlso available on microfilm and in the U.K. Parliamentary Papers database which can be accessed by on-site users.
=655  \7$aBills.$2rbgenr
=700  0\$aGeorge$bIII,$cKing of Great Britain,$d1738-1820,$eformer owner.$5Uk
=700  0\$aGeorge$bIV,$cKing of Great Britain,$d1762-1830,$edonor.$5Uk
=752  \\$aGreat Britain$bEngland$dLondon.
=852  41$aBritish Library$bHMNTS$j214.i.1.(46)
=852  41$aBritish Library$bHMNTS$jB.S.Ref.2/31.(12)
=856  41$uhttps://parlipapers.proquest.com/parlipapers/docview/t70.d75.pb-002115$yProquest U.K. Parliamentary Papers
=CAT  \\$a3251$b40$c20190904$lBLL01$h1319
=FIN  \\$aY$d20190904
=FMT  \\$a  BK
=LAS  \\$a3251$b40$c20190904$lBLL01$h1319
=SRC  \\$aESTC

