=LDR  01807 am a2200373   4500
=001  019535318
=003  Uk
=005  20190904150252.0
=008  791208s1767\\\\enk\\\\\\\\\\o000\0\eng\c
=035  \\$a(Uk-ES)006339029
=040  \\$aUk-ES$cUk-ES$dCU-RivES$dCStRLIN$dCU-RivES$dUk-ES$edcrmb
=110  1\$aGreat Britain.$bParliament.
=240  10$aBills. 1767-03-12
=245  13$aAn act for vesting the undivided parts of several manors, messuages, closes, lands, tenements, tolls, and other hereditaments, in the counties of Leicester and Northampton, devised by the will of John Cogan, surgeon, deceased, in trustees, to be sold; and for applying the money arising by such sale in the purchase of other lands, tenements and hereditaments, to be settled to the uses contained in the said will.
=264  \1$a[London] :$b[s.n.],$c[1767]
=300  \\$a7, [1] p. ;$c33 cm (2⁰)
=500  \\$aCaption title.
=500  \\$aDocket title dated 1767.
=500  \\$aEnacted: Private Acts, 7 Geo.III.c.99.
=500  \\$aSignatures: A-B².
=510  4\$aESTC,$cT67947
=530  \\$aAlso available on microfilm and in the U.K. Parliamentary Papers database which can be accessed by on-site users.
=655  \7$aBills.$2rbgenr
=700  0\$aGeorge$bIII,$cKing of Great Britain,$d1738-1820,$eformer owner.$5Uk
=700  0\$aGeorge$bIV,$cKing of Great Britain,$d1762-1830,$edonor.$5Uk
=752  \\$aGreat Britain$bEngland$dLondon.
=852  41$aBritish Library$bHMNTS$jB.S.Ref.2/32.(29)
=852  41$aBritish Library$bHMNTS$j214.i.1.(47)
=856  41$uhttps://parlipapers.proquest.com/parlipapers/docview/t70.d75.pb-002185?$yProquest U.K. Parliamentary Papers
=CAT  \\$a3251$b40$c20190904$lBLL01$h1502
=FIN  \\$aY$d20190904
=FMT  \\$a  BK
=LAS  \\$a3251$b40$c20190904$lBLL01$h1502
=SRC  \\$aESTC

