=LDR  01875 am a2200385   4500
=001  019535329
=003  Uk
=005  20190904152837.0
=008  791208s1767\\\\enk\\\\\\\\\\o000\0\eng\c
=035  \\$a(Uk-ES)006339041
=040  \\$aUk-ES$cUk-ES$dCStRLIN$dUk-ES$edcrmb
=110  1\$aGreat Britain.$bParliament.
=240  10$aBills. 1767-04-03
=245  13$aAn act for inclosing a piece of waste ground in the borough and township of Kirkby in Kendal for the benefit of the poor, and for cleansing and englightening the streets of the said town; and for confirming a rule or order of assize, and order of the High Court of Chancery relating to the rules and assessments to be raised for relief of the poor by the inhabitants of the said township, and the owners of lands called the park and castle lands.
=264  \1$a[London] :$b[s.n.],$c[1767]
=300  \\$a31, [1] p. ;$c33 cm (2⁰)
=500  \\$aCaption title.
=500  \\$aDocket title dated 1767.
=500  \\$aEnacted: Private Acts, 7 Geo.III.c.111.
=500  \\$aWoodcut head-piece; woodcut factotum.
=500  \\$aSignatures: A-H².
=510  4\$aESTC,$cT67959
=530  \\$aAlso available on microfilm and in the U.K. Parliamentary Papers database which can be accessed by on-site users.
=655  \7$aBills.$2rbgenr
=700  0\$aGeorge$bIII,$cKing of Great Britain,$d1738-1820,$eformer owner.$5Uk
=700  0\$aGeorge$bIV,$cKing of Great Britain,$d1762-1830,$edonor.$5Uk
=752  \\$aGreat Britain$bEngland$dLondon.
=852  41$aBritish Library$bHMNTS$j214.i.1.(48)
=852  41$aBritish Library$bHMNTS$jB.S.Ref.2/32.(41)
=856  41$uhttps://parlipapers.proquest.com/parlipapers/docview/t70.d75.pb-002197?$yProquest U.K. Parliamentary Papers
=CAT  \\$a3251$b40$c20190904$lBLL01$h1528
=FIN  \\$aY$d20190904
=FMT  \\$a  BK
=LAS  \\$a3251$b40$c20190904$lBLL01$h1528
=SRC  \\$aESTC

