=LDR  01653 am a2200397   4500
=001  019535938
=003  Uk
=005  20190905105646.0
=008  790922s1767\\\\enk\\\\\\\\\\o000\0\eng\c
=035  \\$a(Uk-ES)006338587
=040  \\$aUk-ES$cUk-ES$dCStRLIN$dUk-ES$edcrmb
=110  1\$aGreat Britain.$bParliament.
=240  10$aBills. 1766-11-24
=245  13$aAn act for dividing and inclosing Halton-Green, and for disposing of other grounds within the township of Halton-East, in the parish of Skipton in the county of York.
=264  \1$a[London] :$b[s.n.],$c[1767]
=300  \\$a12, [2] p. ;$c33 cm (2⁰)
=500  \\$aCaption title.
=500  \\$aDocket title dated 1767.
=500  \\$aEnacted: Private Acts, 7 Geo.III.c.10.
=500  \\$aWoodcut ornaments; woodcut factotum.
=500  \\$aSignatures: A-B² C²(-C2) D².
=510  4\$aESTC,$cT67498
=530  \\$aAlso available on microfilm and in the U.K. Parliamentary Papers database which can be accessed by on-site users.
=655  \7$aBills.$2rbgenr
=700  0\$aGeorge$bIII,$cKing of Great Britain,$d1738-1820,$eformer owner.$5Uk
=700  0\$aGeorge$bIV,$cKing of Great Britain,$d1762-1830,$edonor.$5Uk
=752  \\$aGreat Britain$bEngland$dLondon.
=852  41$aBritish Library$bHMNTS$j214.i.1.(50)
=852  41$aBritish Library$bHMNTS$jB.S.Ref.2/31.(6)
=856  41$uhttps://parlipapers.proquest.com/parlipapers/docview/t70.d75.pb-002109?$yProquest U.K. Parliamentary Papers
=CAT  \\$a3251$b40$c20190905$lBLL01$h1055
=CAT  \\$a3251$b40$c20190905$lBLL01$h1056
=FIN  \\$aY$d20190905
=FMT  \\$a  BK
=LAS  \\$a3251$b40$c20190905$lBLL01$h1056
=SRC  \\$aESTC

