=LDR  01728 am a2200397   4500
=001  019536311
=003  Uk
=005  20190906120727.0
=008  790922s1767\\\\enk\\\\\\\\\\o000\0\eng\c
=035  \\$a(Uk-ES)006338603
=040  \\$aUk-ES$cUk-ES$dCStRLIN$dUk-ES$edcrmb
=110  1\$aGreat Britain.$bParliament.
=240  10$aBills. 1767-02-16
=245  13$aAn act for dividing and inclosing the open and common fields, common meadows, and commonable lands, within the hamlets or townships of Wixford, Exhall, Kings-Broom, and Burnells-Broom, in the county of Warwick.
=264  \1$a[London] :$b[s.n.],$c[1767]
=300  \\$a21, [1] p. ;$c33 cm (2⁰)
=500  \\$aCaption title.
=500  \\$aDocket title dated 1767.
=500  \\$aEnacted: Private Acts, 7 Geo.III.c.35.
=500  \\$aWoodcut head-piece; woodcut factotum.
=500  \\$aSignatures: A-E² [chi]1.
=510  4\$aESTC,$cT67514
=530  \\$aAlso available on microfilm and in the U.K. Parliamentary Papers database which can be accessed by on-site users.
=650  \0$aCommons$zEngland$zWarwickshire$vEarly works to 1800.
=655  \7$aBills.$2rbgenr
=700  0\$aGeorge$bIII,$cKing of Great Britain,$d1738-1820,$eformer owner.$5Uk
=700  0\$aGeorge$bIV,$cKing of Great Britain,$d1762-1830,$edonor.$5Uk
=752  \\$aGreat Britain$bEngland$dLondon.
=852  41$aBritish Library$bHMNTS$jB.S.Ref.2/31.(22)
=852  41$aBritish Library$bHMNTS$j214.i.1.(58)
=856  41$uhttps://parlipapers.proquest.com/parlipapers/docview/t70.d75.pb-002125?accountid=9735$yProquest U.K. Parliamentary Papers
=CAT  \\$a3251$b40$c20190906$lBLL01$h1207
=FIN  \\$aY$d20190906
=FMT  \\$a  BK
=LAS  \\$a3251$b40$c20190906$lBLL01$h1207
=SRC  \\$aESTC

