=LDR  01944 am a2200385   4500
=001  019536411
=003  Uk
=005  20190906153358.0
=008  790922s1767\\\\enk\\\\\\\\\\o000\0\eng\c
=035  \\$a(Uk-ES)006338617
=040  \\$aUk-ES$cUk-ES$dCStRLIN$dUk-ES$edcrmb
=110  1\$aGreat Britain.$bParliament.
=240  10$aBills. 1767-03-13
=245  13$aAn act to vacate an agreement, made the 10th day of July, 1758, between the most noble William, late Duke of Portland, deceased, and Margaret Cavendishe, Duchess of Portland, then his wife, and now his widow, and the Right Hon. Thomas, Lord Foley, also deceased, concerning a building lease to be granted to the said Lord Foley, of a parcel of land in the parish of Marybone, in the county of Middlesex; and to establish and render effectual another agreement, dated the 30th day of January, 1767, concerning the premises.
=264  \1$a[London] :$b[s.n.],$c[1767]
=300  \\$a54, [2] p ;$c33 cm (2⁰)
=500  \\$aCaption title.
=500  \\$aWith a docket title.
=500  \\$aEnacted: Private Acts, 7 Geo.III.c.53.
=500  \\$aWoodcut ornaments; woodcut factotum.
=500  \\$aSignatures: A-O².
=510  4\$aESTC,$cT67528
=530  \\$aAlso available on microfilm and in the U.K. Parliamentary Papers database which can be accessed by on-site users.
=655  \7$aBills.$2rbgenr
=700  0\$aGeorge$bIII,$cKing of Great Britain,$d1738-1820,$eformer owner.$5Uk
=700  0\$aGeorge$bIV,$cKing of Great Britain,$d1762-1830,$edonor.$5Uk
=752  \\$aGreat Britain$bEngland$dLondon.
=852  41$aBritish Library$bHMNTS$jB.S.Ref.2/31.(36)
=852  41$aBritish Library$bHMNTS$j214.i.1.(64)
=856  41$uhttps://parlipapers.proquest.com/parlipapers/docview/t70.d75.pb-002139?$yProquest U.K. Parliamentary Papers
=CAT  \\$a3251$b40$c20190906$lBLL01$h1533
=FIN  \\$aY$d20190906
=FMT  \\$a  BK
=LAS  \\$a3251$b40$c20190906$lBLL01$h1533
=SRC  \\$aESTC

