=LDR  01627 am a2200385   4500
=001  019539347
=003  Uk
=005  20190910122139.0
=008  790922s1767\\\\enk\\\\\\\\\\o000\0\eng\c
=035  \\$a(Uk-ES)006338620
=040  \\$aUk-ES$cUk-ES$dCStRLIN$dUk-ES$edcrmb
=110  1\$aGreat Britain.$bParliament.
=240  10$aBills. 1767-03-09
=245  13$aAn act for vesting part of the estate of Sir Nigel Gresley, Baronet, in the county of Stafford, in trustees, to be sold, to raise money for the payment of debts, and other purposes therein mentioned.
=264  \1$a[London] :$b[s.n.],$c[1767]
=300  \\$a13, [3] p. ;$c33 cm (2⁰)
=500  \\$aCaption title.
=500  \\$aDocket title dated 1767.
=500  \\$aEnacted: Private Acts, 7 Geo.III.c.56.
=500  \\$aWoodcut head-piece; woodcut factotum.
=500  \\$aSignatures: A-D².
=510  4\$aESTC,$cT67531
=530  \\$aAlso available on microfilm and in the U.K. Parliamentary Papers database which can be accessed by on-site users.
=655  \7$aBills.$2rbgenr
=700  0\$aGeorge$bIII,$cKing of Great Britain,$d1738-1820,$eformer owner.$5Uk
=700  0\$aGeorge$bIV,$cKing of Great Britain,$d1762-1830,$edonor.$5Uk
=752  \\$aGreat Britain$bEngland$dLondon.
=852  41$aBritish Library$bHMNTS$jB.S.Ref.2/31.(39)
=852  41$aBritish Library$bHMNTS$j214.i.1.(65)
=856  41$uhttps://parlipapers.proquest.com/parlipapers/docview/t70.d75.pb-002142?$yProquest U.K. Parliamentary Papers
=CAT  \\$a3251$b40$c20190910$lBLL01$h1221
=FIN  \\$aY$d20190910
=FMT  \\$a  BK
=LAS  \\$a3251$b40$c20190910$lBLL01$h1221
=SRC  \\$aESTC

