=LDR  01725 am a2200385   4500
=001  019539360
=003  Uk
=005  20191010150710.0
=008  790922s1767\\\\enk\\\\\\\\\\o000\0\eng\c
=035  \\$a(Uk-ES)006338621
=040  \\$aUk-ES$cUk-ES$dCStRLIN$dUk-ES$edcrmb
=110  1\$aGreat Britain.$bParliament.
=240  10$aBills. 1767-03-02
=245  13$aAn act for vesting several undivided estates late of John Bennett, Esquire, deceased, and Ann Spencer, widow, in the counties of Surry, Kent and Middlesex, in trustees, in order to effect a partition between the said Ann Spencer, and the devisees named in the will of the said John Bennett.
=264  \1$a[London] :$b[s.n.],$c[1767]
=300  \\$a13, [1] p. ;$c33 cm (2⁰)
=500  \\$aCaption title.
=500  \\$aDocket title dated 1767.
=500  \\$aEnacted: Private Acts, 7 Geo.III.c.57.
=500  \\$aSignatures: A-B² C²(-C2) D².
=510  4\$aESTC,$cT67532
=530  \\$aAlso available on microfilm and in the U.K. Parliamentary Papers database which can be accessed by on-site users.
=655  \7$aBills.$2rbgenr
=700  0\$aGeorge$bIII,$cKing of Great Britain,$d1738-1820,$eformer owner.$5Uk
=700  0\$aGeorge$bIV,$cKing of Great Britain,$d1762-1830,$edonor.$5Uk
=752  \\$aGreat Britain$bEngland$dLondon.
=852  41$aBritish Library$bHMNTS$j214.i.1.(66)
=852  41$aBritish Library$bHMNTS$jB.S.Ref.2/31.(40)
=856  41$uhttps://parlipapers.proquest.com/parlipapers/docview/t70.d75.pb-002143?$yProquest U.K. Parliamentary Papers
=CAT  \\$a3251$b40$c20190910$lBLL01$h1242
=CAT  \\$a3251$b40$c20191010$lBLL01$h1507
=FIN  \\$aY$d20190910
=FMT  \\$a  BK
=LAS  \\$a3251$b40$c20191010$lBLL01$h1507
=SRC  \\$aESTC

