=LDR  01561 am a2200385   4500
=001  019540343
=003  Uk
=005  20190910145406.0
=008  791208s1767\\\\enk\\\\\\\\\\o000\0\eng\c
=035  \\$a(Uk-ES)006339036
=040  \\$aUk-ES$cUk-ES$dCStRLIN$dUk-ES$edcrmb
=110  1\$aGreat Britain.$bParliament.
=240  10$aBills. 1767-05-27
=245  13$aAn act for vesting part of the estates of George Duke of Saint Albans in trustees, for raising money to pay debts, and for other purposes therein mentioned.
=264  \1$a[London] :$b[s.n.],$c[1767]
=300  \\$a47, [1] p. ;$c33 cm (2⁰)
=500  \\$aCaption title.
=500  \\$aWith a docket title.
=500  \\$aEnacted: Private Acts, 7 Geo.III.c.116.
=500  \\$aWoodcut factotum.
=500  \\$aSignatures: A-M².
=510  4\$aESTC,$cT67954
=530  \\$aAlso available on microfilm and in the U.K. Parliamentary Papers database which can be accessed by on-site users.
=655  \7$aBills.$2rbgenr
=700  0\$aGeorge$bIII,$cKing of Great Britain,$d1738-1820,$eformer owner.$5Uk
=700  0\$aGeorge$bIV,$cKing of Great Britain,$d1762-1830,$edonor.$5Uk
=752  \\$aGreat Britain$bEngland$dLondon.
=852  41$aBritish Library$bHMNTS$j214.i.1.(69)
=852  41$aBritish Library$bHMNTS$jB.S.Ref.2/32.(44)
=856  41$uhttps://parlipapers.proquest.com/parlipapers/docview/t70.d75.pb-002200?$yProquest U.K. Parliamentary Papers
=CAT  \\$a3251$b40$c20190910$lBLL01$h1454
=FIN  \\$aY$d20190910
=FMT  \\$a  BK
=LAS  \\$a3251$b40$c20190910$lBLL01$h1454
=SRC  \\$aESTC

