=LDR  01699 am a2200385   4500
=001  019540353
=003  Uk
=005  20190910151802.0
=008  791208s1767\\\\enk\\\\\\\\\\o000\0\eng\c
=035  \\$a(Uk-ES)006339035
=040  \\$aUk-ES$cUk-ES$dCU-RivES$dCStRLIN$dCU-RivES$dUk-ES$edcrmb
=110  1\$aGreat Britain.$bParliament.
=240  10$aBills. 1767-05-12
=245  13$aAn act for vesting the settled estates of Susanna Dowding, widow, in the counties of Kent and Sussex, in trustees, to be sold; and for securing the monies to be paid for the same upon the trusts and for the purposes in the act mentioned.
=264  \1$a[London] :$b[s.n.],$c[1767]
=300  \\$a20, [2] p. ;$c33 cm (2⁰)
=500  \\$aCaption title.
=500  \\$aDocket title dated 1767.
=500  \\$aEnacted: Private Acts, 7 Geo.III.c.106.
=500  \\$aWoodcut head-piece; woodcut factotum.
=500  \\$aSignatures: A-D² E²(-E2) F².
=510  4\$aESTC,$cT67953
=530  \\$aAlso available on microfilm and in the U.K. Parliamentary Papers database which can be accessed by on-site users.
=655  \7$aBills.$2rbgenr
=700  0\$aGeorge$bIII,$cKing of Great Britain,$d1738-1820,$eformer owner.$5Uk
=700  0\$aGeorge$bIV,$cKing of Great Britain,$d1762-1830,$edonor.$5Uk
=752  \\$aGreat Britain$bEngland$dLondon.
=852  41$aBritish Library$bHMNTS$jB.S.Ref.2/32.(36)
=852  41$aBritish Library$bHMNTS$j214.i.1.(70)
=856  41$uhttps://parlipapers.proquest.com/parlipapers/docview/t70.d75.pb-002192?$yProquest U.K. Parliamentary Papers
=CAT  \\$a3251$b40$c20190910$lBLL01$h1518
=FIN  \\$aY$d20190910
=FMT  \\$a  BK
=LAS  \\$a3251$b40$c20190910$lBLL01$h1518
=SRC  \\$aESTC

