=LDR  01806 am a2200385   4500
=001  019541836
=003  Uk
=005  20190911102336.0
=008  791208s1767\\\\enk\\\\\\\\\\o000\0\eng\c
=035  \\$a(Uk-ES)006339034
=040  \\$aUk-ES$cUk-ES$dCStRLIN$dUk-ES$edcrmb
=110  1\$aGreat Britain.$bParliament.
=240  10$aBills. 1767-05-08
=245  13$aAn act for vesting part of the settled estates of William Poyntz, Esquire, in trustees, to be sold for discharging incumbrances affecting the same; and for applying the remainder of the money thereby raised in the purchase of other lands, tenements, and hereditaments, to be settled to the uses to which the said estates stood settled; and for other purposes therein mentioned.
=264  \1$a[London] :$b[s.n.],$c[1767]
=300  \\$a15, [1] p. ;$c33 cm (2⁰)
=500  \\$aCaption title.
=500  \\$aDocket title dated 1767.
=500  \\$aEnacted: Private Acts, 7 Geo.III.c.105.
=500  \\$aWoodcut head-piece; woodcut factotum.
=500  \\$aSignatures: A-D².
=510  4\$aESTC,$cT67952
=530  \\$aAlso available on microfilm and in the U.K. Parliamentary Papers database which can be accessed by on-site users.
=655  \7$aBills.$2rbgenr
=700  0\$aGeorge$bIII,$cKing of Great Britain,$d1738-1820,$eformer owner.$5Uk
=700  0\$aGeorge$bIV,$cKing of Great Britain,$d1762-1830,$edonor.$5Uk
=752  \\$aGreat Britain$bEngland$dLondon.
=852  41$aBritish Library$bHMNTS$j214.i.1.(73)
=852  41$aBritish Library$bHMNTS$jB.S.Ref.2/32.(35)
=856  41$uhttps://parlipapers.proquest.com/parlipapers/docview/t70.d75.pb-002191?$yProquest U.K. Parliamentary Papers
=CAT  \\$a3251$b40$c20190911$lBLL01$h1023
=FIN  \\$aY$d20190911
=FMT  \\$a  BK
=LAS  \\$a3251$b40$c20190911$lBLL01$h1023
=SRC  \\$aESTC

