=LDR  01726 am a2200409   4500
=001  019541854
=003  Uk
=005  20190911105350.0
=008  791208s1767\\\\enk\\\\\\\\\\o000\0\eng\c
=035  \\$a(Uk-ES)006339004
=040  \\$aUk-ES$cUk-ES$dCStRLIN$dUk-ES$edcrmb
=110  1\$aGreat Britain.$bParliament.
=240  10$aBills. 1767-03-26
=245  13$aAn act for dividing and inclosing the open and common fields, commonable lands, and waste grounds, of and in the parish of Willersey, in the county of Gloucester.
=264  \1$a[London] :$b[s.n.],$c[1767]
=300  \\$a22, [2] p. ;$c33 cm (2⁰)
=500  \\$aCaption title.
=500  \\$aDocket title dated 1767.
=500  \\$aEnacted: Private Acts, 7 Geo.III.c.92.
=500  \\$aReintroduced and read first time, 1 April 1767.
=500  \\$aWoodcut head-piece; woodcut factotum.
=500  \\$aSignatures: A-F².
=510  4\$aESTC,$cT67922
=530  \\$aAlso available on microfilm and in the U.K. Parliamentary Papers database which can be accessed by on-site users.
=650  \0$aCommons$zEngland$zGloucestershire$vEarly works to 1800.
=655  \7$aBills.$2rbgenr
=700  0\$aGeorge$bIII,$cKing of Great Britain,$d1738-1820,$eformer owner.$5Uk
=700  0\$aGeorge$bIV,$cKing of Great Britain,$d1762-1830,$edonor.$5Uk
=752  \\$aGreat Britain$bEngland$dLondon.
=852  41$aBritish Library$bHMNTS$jB.S.Ref.2/32.(24)
=852  41$aBritish Library$bHMNTS$j214.i.1.(74)
=856  41$uhttps://parlipapers.proquest.com/parlipapers/docview/t70.d75.pb-002180?$yProquest U.K. Parliamentary Papers
=CAT  \\$a3251$b40$c20190911$lBLL01$h1053
=FIN  \\$aY$d20190911
=FMT  \\$a  BK
=LAS  \\$a3251$b40$c20190911$lBLL01$h1053
=SRC  \\$aESTC

