=LDR  01878 am a2200421   4500
=001  019552147
=003  Uk
=005  20191010150935.0
=008  791208s1767\\\\enk\\\\\\\\\\o000\0\eng\c
=035  \\$a(Uk-ES)006339022
=040  \\$aUk-ES$cUk-ES$dCU-RivES$dCStRLIN$dCU-RivES$dUk-ES$edcrmb
=110  1\$aGreat Britain.$bParliament.
=240  10$aBills. 1767-03-05
=245  13$aAn act for carrying into execution certain articles of agreement entered into by George Pitt Esquire and his tenants of the manor of Kingston, and John Pitt Esquire, and by the said George Pitt and John Pitt; for the exchange of lands in Purbeck, in the county of Dorset.
=264  \1$a[London] :$b[s.n.],$c[1767]
=300  \\$a11, [1] p. ;$c33 cm (2⁰)
=500  \\$aCaption title
=500  \\$aDocket title dated 1767.
=500  \\$aEnacted: Private Acts, 7 Geo.III.c.79.
=500  \\$aSignatures: A-C².
=510  4\$aESTC,$cT67940
=530  \\$aAlso available on microfilm and in the U.K. Parliamentary Papers database which can be accessed by on-site users.
=650  \0$aReal property, Exchange of$zEngland$zDorset$vEarly works to 1800.
=655  \7$aBills.$2rbgenr
=700  1\$aPitt, George,$d1663?-1735.
=700  1\$aPitt, John,$d1706?-1787.
=700  0\$aGeorge$bIII,$cKing of Great Britain,$d1738-1820,$eformer owner.$5Uk
=700  0\$aGeorge$bIV,$cKing of Great Britain,$d1762-1830,$edonor.$5Uk
=752  \\$aGreat Britain$bEngland$dLondon.
=852  41$aBritish Library$bHMNTS$jB.S.Ref.2/32.(11)
=852  41$aBritish Library$bHMNTS$j214.i.1.(67)
=856  41$uhttps://parlipapers.proquest.com/parlipapers/docview/t70.d75.pb-002167?$yProquest U.K. Parliamentary Papers
=CAT  \\$a3251$b40$c20190924$lBLL01$h1237
=CAT  \\$a3251$b40$c20191010$lBLL01$h1509
=FIN  \\$aY$d20190924
=FMT  \\$a  BK
=LAS  \\$a3251$b40$c20191010$lBLL01$h1509
=SRC  \\$aESTC

