=LDR  01805 am a2200385   4500
=001  019552151
=003  Uk
=005  20190924130721.0
=008  790922s1766\\\\enk\\\\\\\\\\o000\0\eng\c
=035  \\$a(Uk-ES)006338582
=040  \\$aUk-ES$cUk-ES$dCU-RivES$dCStRLIN$dCU-RivES$dUk-ES$edcrmb
=110  1\$aGreat Britain.$bParliament.
=240  10$aBills. 1766-11-25
=245  13$aAn act for making more effectual an act, passed in the third year of his present Majesty's reign, intituled, "An act for vesting part of the settled estates of Samuel Dashwood, Esquire, in trustees, for raising money to pay debts and incumbrances, and for providing in equivalent or compensation for the same to the issue inheritable under his marriage settlement."
=264  \1$a[London] :$b[s.n.],$c[1766]
=300  \\$a7, [1] p. ;$c33 cm (2⁰)
=500  \\$aCaption title.
=500  \\$aWith a docket title.
=500  \\$aEnacted: Private Acts, 7 Geo.III.c.5.
=500  \\$aWoodcut ornaments; woodcut factotum.
=500  \\$aSignatures: A-B².
=510  4\$aESTC,$cT67493
=530  \\$aAlso available on microfilm and in the U.K. Parliamentary Papers database which can be accessed by on-site users.
=655  \7$aBills.$2rbgenr
=700  0\$aGeorge$bIII,$cKing of Great Britain,$d1738-1820,$eformer owner.$5Uk
=700  0\$aGeorge$bIV,$cKing of Great Britain,$d1762-1830,$edonor.$5Uk
=752  \\$aGreat Britain$bEngland$dLondon.
=852  41$aBritish Library$bHMNTS$j214.i.1.(68)
=852  41$aBritish Library$bHMNTS$jB.S.Ref.2/31.(1)
=856  41$uhttps://parlipapers.proquest.com/parlipapers/docview/t70.d75.pb-002104?$yProquest U.K. Parliamentary Papers
=CAT  \\$a3251$b40$c20190924$lBLL01$h1307
=FIN  \\$aY$d20190924
=FMT  \\$a  BK
=LAS  \\$a3251$b40$c20190924$lBLL01$h1307
=SRC  \\$aESTC

