=LDR  01881 am a2200361   4500
=001  019554088
=003  Uk
=005  20190925093533.0
=008  791208s1767\\\\enk\\\\\\\\\\o000\0\eng\c
=035  \\$a(Uk-ES)006339033
=040  \\$aUk-ES$cUk-ES$dCU-RivES$dCStRLIN$dCU-RivES$dUk-ES$edcrmb
=110  1\$aGreat Britain.$bParliament.
=240  10$aBills. 1767-05-12
=245  13$aAn act for vesting divers lands and hereditaments in the counties of Sussex, Surry, and Kent, part of the settled estate of John Wicker, Esquire, in him, his heirs, executors, and administrators; and for settling the manor of Knepp, alisa Knapp, and divers lands and hereditaments in the county of Sussex, being the estate of the said John Wicker, of greater value, in lieu thereof.
=264  \1$a[London] :$b[s.n.],$c[1767]
=300  \\$a21, [1] p. ;$c33 cm (2⁰)
=500  \\$aCaption title.
=500  \\$aDocket title dated 1767.
=500  \\$aEnacted: Private Acts, 7 Geo.III.c.104.
=500  \\$aWoodcut head-piece; woodcut factotum.
=500  \\$aHead-piece has basket of flowers at centre. Text has some blanks on p.15 and first paragraph of p.19. Another issue (ESTC T507474) has a head-piece with two cherubs at centre and text has no blanks on p.15 and first paragraph of p.19.
=500  \\$aSignatures: A-D² E²(-E2) F².
=510  4\$aESTC,$cT67951
=530  \\$aAlso available on microfilm and in the U.K. Parliamentary Papers database which can be accessed by on-site users.
=655  \7$aBills$2rbgenr
=752  \\$aGreat Britain$bEngland$dLondon.
=852  41$aBritish Library$bHMNTS$jB.S.Ref.2/32.(34)
=856  41$uhttps://parlipapers.proquest.com/parlipapers/docview/t70.d75.pb-002190?$yProquest U.K. Parliamentary Papers
=CAT  \\$a3251$b40$c20190925$lBLL01$h0935
=FIN  \\$aY$d20190925
=FMT  \\$a  BK
=LAS  \\$a3251$b40$c20190925$lBLL01$h0935
=SRC  \\$aESTC

