=LDR  01615 am a2200397   4500
=001  019557258
=003  Uk
=005  20190930095758.0
=008  791208s1767\\\\enk\\\\\\\\\\o000\0\eng\c
=035  \\$a(Uk-ES)006339048
=040  \\$aUk-ES$cUk-ES$dCStRLIN$dUk-ES$edcrmb
=110  1\$aGreat Britain.$bParliament.
=240  10$aBills. 1767-03-12
=245  13$aAn act for dividing and inclosing the open common within the manor of Distington, in the county of Cumberland.
=264  \1$a[London] :$b[s.n.],$c[1767]
=300  \\$a13, [1] p. ;$c33 cm (2⁰)
=500  \\$aCaption title.
=500  \\$aDocket title dated 1767.
=500  \\$aEnacted: Private Acts, 7 Geo.III.c.85.
=500  \\$aWoodcut head-piece; woodcut factotum.
=500  \\$aSignatures: A-B² C²(-C2) D².
=510  4\$aESTC,$cT67966
=530  \\$aAlso available on microfilm and in the U.K. Parliamentary Papers database which can be accessed by on-site users.
=650  \0$aCommons$zEngland$zCumbria$vEarly works to 1800.
=655  \7$aBills.$2rbgenr
=700  0\$aGeorge$bIII,$cKing of Great Britain,$d1738-1820,$eformer owner.$5Uk
=700  0\$aGeorge$bIV,$cKing of Great Britain,$d1762-1830,$edonor.$5Uk
=752  \\$aGreat Britain$bEngland$dLondon.
=852  41$aBritish Library$bHMNTS$j214.i.1.(77)
=852  41$aBritish Library$bHMNTS$jB.S.Ref.2/32.(17)
=856  41$uhttps://parlipapers.proquest.com/parlipapers/docview/t70.d75.pb-002173?$yProquest U.K. Parliamentary Papers
=CAT  \\$a3251$b40$c20190930$lBLL01$h0957
=FIN  \\$aY$d20190930
=FMT  \\$a  BK
=LAS  \\$a3251$b40$c20190930$lBLL01$h0957
=SRC  \\$aESTC

