=LDR  01674 am a2200397   4500
=001  019557316
=003  Uk
=005  20190930115653.0
=008  790922s1767\\\\enk\\\\\\\\\\o000\0\eng\c
=035  \\$a(Uk-ES)006338625
=040  \\$aUk-ES$cUk-ES$dCStRLIN$dUk-ES$edcrmb
=110  1\$aGreat Britain.$bParliament.
=240  10$aBills. 1767-03-03
=245  13$aAn act for dividing and inclosing several open and common fields, meadows, and commonable grounds, within the manor and parish of Newton, in the county of Lincoln.
=264  \1$a[London] :$b[s.n.],$c[1767]
=300  \\$a16, [2] p. ;$c33 cm (2⁰)
=500  \\$aCaption title.
=500  \\$aDocket title dated 1767.
=500  \\$aEnacted: Private Acts, 7 Geo. III.c.61.
=500  \\$aWoodcut head-piece; woodcut factotum.
=500  \\$aSignatures: A-C² D²(-D2) E².
=510  4\$aESTC,$cT67536
=530  \\$aAlso available on microfilm and in the U.K. Parliamentary Papers database which can be accessed by on-site users.
=650  \0$aCommons$zEngland$zLincolnshire$vEarly works to 1800.
=655  \7$aBills.$2rbgenr
=700  0\$aGeorge$bIII,$cKing of Great Britain,$d1738-1820,$eformer owner.$5Uk
=700  0\$aGeorge$bIV,$cKing of Great Britain,$d1762-1830,$edonor.$5Uk
=752  \\$aGreat Britain$bEngland$dLondon.
=852  41$aBritish Library$bHMNTS$jB.S.Ref.2/31.(44)
=852  41$aBritish Library$bHMNTS$j214.i.1.(79)
=856  41$uhttps://parlipapers.proquest.com/parlipapers/docview/t70.d75.pb-002147?$yProquest U.K. Parliamentary Papers
=CAT  \\$a3251$b40$c20190930$lBLL01$h1156
=FIN  \\$aY$d20190930
=FMT  \\$a  BK
=LAS  \\$a3251$b40$c20190930$lBLL01$h1156
=SRC  \\$aESTC

