=LDR  01898 am a2200385   4500
=001  019563707
=003  Uk
=005  20191003132020.0
=008  790922s1767\\\\enk\\\\\\\\\\o000\0\eng\c
=035  \\$a(Uk-ES)006338596
=040  \\$aUk-ES$cUk-ES$dCStRLIN$dUk-ES$edcrmb
=110  1\$aGreat Britain.$bParliament.
=240  10$aBills. 1767-02-03
=245  13$aAn act for vesting in the dean and chapter of Durham a certain piece of ground adjoining to the town of South Shields, in the county palatine of Durham; and for making an adequate compensation to the curate of the chapel of Saint Hilds, in the said county, and his successors, for the same; and for enabling the said dean and chapter to remove the fairs and market out of the said town of South Shields, and to cause the same to be held on the said piece of ground.
=264  \1$a[London] :$b[s.n.],$c[1767]
=300  \\$a5, [1] p. ;$c33 cm (2⁰)
=500  \\$aCaption title.
=500  \\$aDocket title dated 1767.
=500  \\$aEnacted: Private Acts, 7 Geo.III.c.28.
=500  \\$aWoodcut head-piece; woodcut factotum.
=500  \\$aSignatures: A²(-A2) B².
=510  4\$aESTC,$cT67507
=530  \\$aAlso available on microfilm and in the U.K. Parliamentary Papers database which can be accessed by on-site users.
=655  \7$aBills$2rbgenr
=700  0\$aGeorge$bIII,$cKing of Great Britain,$d1738-1820,$eformer owner.$5Uk
=700  0\$aGeorge$bIV,$cKing of Great Britain,$d1762-1830,$edonor.$5Uk
=752  \\$aGreat Britain$bEngland$dLondon.
=852  41$aBritish Library$bHMNTS$jB.S.Ref.2/31.(15)
=852  41$aBritish Library$bHMNTS$j214.i.1.(85)
=856  41$uhttps://parlipapers.proquest.com/parlipapers/docview/t70.d75.pb-002118?$yProquest U.K. Parliamentary Papers
=CAT  \\$a3251$b40$c20191003$lBLL01$h1320
=FIN  \\$aY$d20191003
=FMT  \\$a  BK
=LAS  \\$a3251$b40$c20191003$lBLL01$h1320
=SRC  \\$aESTC

