=LDR  01625 am a2200397   4500
=001  019563746
=003  Uk
=005  20191003152617.0
=008  790922s1767\\\\enk\\\\\\\\\\o000\0\eng\c
=035  \\$a(Uk-ES)006338586
=040  \\$aUk-ES$cUk-ES$dCStRLIN$dUk-ES$edcrmb
=110  1\$aGreat Britain.$bParliament.
=240  10$aBills. 1767-01-23
=245  13$aAn act for dividing and inclosing a certain common moor called Carlisle and Cummersdale Moor, in the county of Cumberland.
=264  \1$a[London] :$b[s.n.],$c[1767]
=300  \\$a21, [1] p. ;$c33 cm (2⁰)
=500  \\$aCaption title.
=500  \\$aDocket title dated 1767.
=500  \\$aEnacted: Private Acts, 7 Geo.III.c.9.
=500  \\$aWoodcut head-piece; woodcut factotum.
=500  \\$aSignatures: A-D² E²(-E2) F².
=510  4\$aESTC,$cT67497
=530  \\$aAlso available on microfilm and in the U.K. Parliamentary Papers database which can be accessed by on-site users.
=650  \0$aCommons$zEngland$zCumbria$vEarly works to 1800.
=655  \7$aBills.$2rbgenr
=700  0\$aGeorge$bIII,$cKing of Great Britain,$d1738-1820,$eformer owner.$5Uk
=700  0\$aGeorge$bIV,$cKing of Great Britain,$d1762-1830,$edonor.$5Uk
=752  \\$aGreat Britain$bEngland$dLondon.
=852  41$aBritish Library$bHMNTS$jB.S.Ref.2/31.(5)
=852  41$aBritish Library$bHMNTS$j214.i.1.(89)
=856  41$uhttps://parlipapers.proquest.com/parlipapers/docview/t70.d75.pb-002108?$yProquest U.K. Parliamentary Papers
=CAT  \\$a3251$b40$c20191003$lBLL01$h1526
=FIN  \\$aY$d20191003
=FMT  \\$a  BK
=LAS  \\$a3251$b40$c20191003$lBLL01$h1526
=SRC  \\$aESTC

