=LDR  01565 am a2200385   4500
=001  019566637
=003  Uk
=005  20191007100311.0
=008  790922s1767\\\\enk\\\\\\\\\\o000\0\eng\c
=035  \\$a(Uk-ES)006338608
=040  \\$aUk-ES$cUk-ES$dCStRLIN$dUk-ES$edcrmb
=110  1\$aGreat Britain.$bParliament.
=240  10$aBills. 1767-02-12
=245  13$aAn act for draining and preserving certain low grounds in the parishes of Adlingfleet and Whitgift, in the West Riding of the county of York.
=264  \1$a[London] :$b[s.n.],$c[1767]
=300  \\$a22, [2] p. ;$c33 cm (2⁰)
=500  \\$aCaption title.
=500  \\$aWith a docket title.
=500  \\$aEnacted: Private Acts, 7 Geo. III.c.40.
=500  \\$aWoodcut ornaments; woodcut factotum.
=500  \\$aSignatures: A-F².
=510  4\$aESTC,$cT67519
=530  \\$aAlso available on microfilm and in the U.K. Parliamentary Papers database which can be accessed by on-site users.
=655  \7$aBills.$2rbgenr
=700  0\$aGeorge$bIII,$cKing of Great Britain,$d1738-1820,$eformer owner.$5Uk
=700  0\$aGeorge$bIV,$cKing of Great Britain,$d1762-1830,$edonor.$5Uk
=752  \\$aGreat Britain$bEngland$dLondon.
=852  41$aBritish Library$bHMNTS$jB.S.Ref.2/31.(27)
=852  41$aBritish Library$bHMNTS$j214.i.1.(90)
=856  41$uhttps://parlipapers.proquest.com/parlipapers/docview/t70.d75.pb-002130?$yProquest U.K. Parliamentary Papers
=CAT  \\$a3251$b40$c20191007$lBLL01$h1003
=FIN  \\$aY$d20191007
=FMT  \\$a  BK
=LAS  \\$a3251$b40$c20191007$lBLL01$h1003
=SRC  \\$aESTC

