=LDR  01713 am a2200397   4500
=001  019566639
=003  Uk
=005  20191007101828.0
=008  790922s1767\\\\enk\\\\\\\\\\o000\0\eng\c
=035  \\$a(Uk-ES)006338584
=040  \\$aUk-ES$cUk-ES$dCStRLIN$dUk-ES$edcrmb
=110  1\$aGreat Britain.$bParliament.
=240  10$aBills. 1767-01-22
=245  13$aAn act for dividing and inclosing certain open and common fields, common pastures, common meadows, common grounds, and commonable lands, lying within the manor and parish of Chesterton, in the county of Oxford.
=264  \1$a[London] :$b[s.n.],$c[1767]
=300  \\$a25, [1] p. ;$c33 cm (2⁰)
=500  \\$aCaption title.
=500  \\$aWith a docket title.
=500  \\$aEnacted: Private Acts, 7 Geo.III.c.7.
=500  \\$aWoodcut head-piece; woodcut factotum.
=500  \\$aSignatures: A-E² F²(-F2) G².
=510  4\$aESTC,$cT67495
=530  \\$aAlso available on microfilm and in the U.K. Parliamentary Papers database which can be accessed by on-site users.
=650  \0$aCommons$zEngland$zOxfordshire$zEarly works to 1800.
=655  \7$aBills.$2rbgenr
=700  0\$aGeorge$bIII,$cKing of Great Britain,$d1738-1820,$eformer owner.$5Uk
=700  0\$aGeorge$bIV,$cKing of Great Britain,$d1762-1830,$edonor.$5Uk
=752  \\$aGreat Britain$bEngland$dLondon.
=852  41$aBritish Library$bHMNTS$jB.S.Ref.2/31.(3)
=852  41$aBritish Library$bHMNTS$j214.i.1.(91)
=856  41$uhttps://parlipapers.proquest.com/parlipapers/docview/t70.d75.pb-002106?$yProquest U.K. Parliamentary Papers
=CAT  \\$a3251$b40$c20191007$lBLL01$h1018
=FIN  \\$aY$d20191007
=FMT  \\$a  BK
=LAS  \\$a3251$b40$c20191007$lBLL01$h1018
=SRC  \\$aESTC

