=LDR  01359 am a2200349   4500
=001  019566648
=003  Uk
=005  20191007104808.0
=008  790922s1767\\\\enk\\\\\\\\\\o000\0\eng\c
=035  \\$a(Uk-ES)006338592
=040  \\$aUk-ES$cUk-ES$dCStRLIN$dUk-ES$edcrmb
=110  1\$aGreat Britain.$bParliament.
=240  10$aBills. 1766-11-17
=245  13$aAn act to dissolve the marriage of John Stott, Esquire, with Jane Stott his now wife, and to enable him to marry again; and for other purposes therein mentioned.
=264  \1$a[London] :$b[s.n.],$c[1767]
=300  \\$a3, [1] p. ;$c32 cm (2⁰)
=500  \\$aCaption title.
=500  \\$aDocket title dated 1766-7.
=500  \\$aEnacted: Private Acts, 7 Geo.III.c.15.
=500  \\$aWoodcut head-piece.
=500  \\$aSignatures: [A]².
=510  4\$aESTC,$cT67503
=530  \\$aAlso available on microfilm and in the U.K. Parliamentary Papers database which can be accessed by on-site users.
=655  \7$aBills.$2rbgenr
=752  \\$aGreat Britain$bEngland$dLondon.
=852  41$aBritish Library$bHMNTS$jB.S.Ref.2/31.(11)
=856  41$uhttps://parlipapers.proquest.com/parlipapers/docview/t70.d75.pb-002114?$yProquest U.K. Parliamentary Papers
=CAT  \\$a3251$b40$c20191007$lBLL01$h1048
=FIN  \\$aY$d20191007
=FMT  \\$a  BK
=LAS  \\$a3251$b40$c20191007$lBLL01$h1048
=SRC  \\$aESTC

