=LDR  01508 am a2200361   4500
=001  019566656
=003  Uk
=005  20191007105920.0
=008  791208s1767\\\\enk\\\\\\\\\\o000\0\eng\c
=035  \\$a(Uk-ES)006339044
=040  \\$aUk-ES$cUk-ES$dCStRLIN$dUk-ES$edcrmb
=110  1\$aGreat Britain.$bParliament.
=240  10$aBills. 1767-03-05
=245  13$aAn act for dividing and inclosing the open and common fields, common pastures, common grounds, waste grounds, and commonable lands, within the manor, parish and liberties, of Shalstone, in the county of Bucks.
=264  \1$a[London] :$b[s.n.],$c[1767]
=300  \\$a24, [2] p. ;$c32 cm (2⁰)
=500  \\$aCaption title.
=500  \\$aDocket title dated 1767.
=500  \\$aEnacted: Private Acts, 7 Geo.III.c.66.
=500  \\$aWoodcut ornaments; woodcut factotum.
=500  \\$aSigantures: A-E² F²(-F2) G².
=510  4\$aESTC,$cT67962
=530  \\$aAlso available on microfilm and in the U.K. Parliamentary Papers database which can be accessed by on-site users.
=650  \0$aCommons$zEngland$zBuckinghamshire$vEarly works to 1800.
=655  \7$aBills.$2rbgenr
=752  \\$aGreat Britain$bEngland$dLondon.
=852  41$aBritish Library$bHMNTS$jB.S.Ref.2/31.(49)
=856  41$uhttps://parlipapers.proquest.com/parlipapers/docview/t70.d75.pb-002152?$yProquest U.K. Parliamentary Papers
=CAT  \\$a3251$b40$c20191007$lBLL01$h1059
=FIN  \\$aY$d20191007
=FMT  \\$a  BK
=LAS  \\$a3251$b40$c20191007$lBLL01$h1059
=SRC  \\$aESTC

