=LDR  01528 am a2200361   4500
=001  019566684
=003  Uk
=005  20191007115417.0
=008  790922s1767\\\\enk\\\\\\\\\\o000\0\eng\c
=035  \\$a(Uk-ES)006338611
=040  \\$aUk-ES$cUk-ES$dCStRLIN$dUk-ES$edcrmb
=110  1\$aGreat Britain.$bParliament.
=240  10$aBills. 1767-02-16
=245  13$aAn act for dividing, inclosing, and draining a parcel of waste ground or common called Bishop Soil, in the several parishes of Howden and Eastrington, and in the parish or parishial chapelry of Blacktoft, in the East Riding of the county of York.
=264  \1$a[London] :$b[s.n.],$c[1767]
=300  \\$a26, [2] p. ;$c32 cm (2⁰)
=500  \\$aCaption title.
=500  \\$aDocket title dated 1767.
=500  \\$aEnacted: Private Acts, 7 Geo. III.c.46.
=500  \\$aWoodcut head-piece; woodcut factotum.
=500  \\$aSignatures: A-G².
=510  4\$aESTC,$cT67522
=530  \\$aAlso available on microfilm and in the U.K. Parliamentary Papers database which can be accessed by on-site users.
=650  \0$aCommons$zEmgland$zYorkshire$vEarly works to 1800.
=655  \7$aBills.$2rbgenr
=752  \\$aGreat Britain$bEngland$dLondon.
=852  41$aBritish Library$bHMNTS$jB.S.Ref.2/31.(30)
=856  41$uhttps://parlipapers.proquest.com/parlipapers/docview/t70.d75.pb-002133?$yProquest U.K. Parliamentary Papers
=CAT  \\$a3251$b40$c20191007$lBLL01$h1154
=FIN  \\$aY$d20191007
=FMT  \\$a  BK
=LAS  \\$a3251$b40$c20191007$lBLL01$h1154
=SRC  \\$aESTC

