=LDR  01801 am a2200409   4500
=001  019586144
=003  Uk
=005  20191025144647.0
=008  790922s1768\\\\enk\\\\\\\\\\o000\0\eng\c
=035  \\$a(Uk-ES)006338507
=040  \\$aUk-ES$cUk-ES$dCStRLIN$dUk-ES$edcrmb
=110  1\$aGreat Britain.$bParliament.
=240  10$aBills. 1768-02-08
=245  13$aAn act for selling part of a green called Nuns Green, in the borough of Derby, in the county of Derby, and for applying the money arising from the sale thereof in the improvement of the remaining part of the said green, and for other purposes therein mentioned.
=264  \1$a[London] :$b[s.n.],$c[1768]
=300  \\$a13, [1] p. ;$c33 cm (2⁰)
=500  \\$aEnacted: Private Acts, 8 Geo.III.c.38.
=500  \\$aDocket title dated 1768.
=500  \\$aCaption title.
=500  \\$aWoodcut ornaments; woodcut factotum.
=500  \\$aSignatures: A-B² C²(-C2) D².
=510  4\$aESTC,$cT67415
=530  \\$aAlso available on microfilm and in the U.K. Parliamentary Papers database which can be accessed by on-site users.
=650  \0$aBetterments$vEarly works to 1800.
=650  \0$aEstate sales$vEarly works to 1800.
=655  \7$aBills.$2rbgenr
=700  0\$aGeorge$bIII,$cKing of Great Britain,$d1738-1820,$eformer owner.$5Uk
=700  0\$aGeorge$bIV,$cKing of Great Britain,$d1762-1830,$edonor.$5Uk
=752  \\$aGreat Britain$bEngland$dLondon.
=852  41$aBritish Library$bHMNTS$j214.i.2.(1)
=852  41$aBritish Library$bHMNTS$jB.S.Ref.2/33.(28)
=856  41$uhttps://parlipapers.proquest.com/parlipapers/docview/t70.d75.pb-002232?$yProquest U.K. Parliamentary Papers
=CAT  \\$a3251$b40$c20191025$lBLL01$h1446
=FIN  \\$aY$d20191025
=FMT  \\$a  BK
=LAS  \\$a3251$b40$c20191025$lBLL01$h1446
=SRC  \\$aESTC

