=LDR  01645 am a2200397   4500
=001  019586151
=003  Uk
=005  20191025151145.0
=008  790922s1768\\\\enk\\\\\\\\\\o000\0\eng\c
=035  \\$a(Uk-ES)006338514
=040  \\$aUk-ES$cUk-ES$dCStRLIN$dUk-ES$edcrmb
=110  1\$aGreat Britain.$bParliament.
=240  10$aBills. 1768-02-09
=245  13$aAn act for draining and preserving certain fen lands and low grounds in the parishes of Lakenheath and Brandon, in the county of Suffolk.
=264  \1$a[London] :$b[s.n.],$c[1768]
=300  \\$a22 p. ;$c33 cm (2⁰)
=500  \\$aEnacted: Private Acts, 8 Geo.III.c.47.
=500  \\$aDocket title dated 1768.
=500  \\$aCaption title.
=500  \\$aWoodcut head-piece; woodcut factotum.
=500  \\$aSignatures: A-D² E²(-E2) F².
=510  4\$aESTC,$cT67422
=530  \\$aAlso available on microfilm and in the U.K. Parliamentary Papers database which can be accessed by on-site users.
=650  \0$aReclamation of land$zGreat Britain$vEarly works to 1800.
=655  \7$aBills.$2rbgenr
=700  0\$aGeorge$bIII,$cKing of Great Britain,$d1738-1820,$eformer owner.$5Uk
=700  0\$aGeorge$bIV,$cKing of Great Britain,$d1762-1830,$edonor.$5Uk
=752  \\$aGreat Britain$bEngland$dLondon.
=852  41$aBritish Library$bHMNTS$j214.i.2.(2)
=852  41$aBritish Library$bHMNTS$jB.S.Ref.2/33.(37)
=856  41$uhttps://parlipapers.proquest.com/parlipapers/docview/t70.d75.pb-002241?$yProquest U.K. Parliamentary Papers
=CAT  \\$a3251$b40$c20191025$lBLL01$h1511
=FIN  \\$aY$d20191025
=FMT  \\$a  BK
=LAS  \\$a3251$b40$c20191025$lBLL01$h1511
=SRC  \\$aESTC

