=LDR  02181cam a2200409   4500
=001  019588578
=003  Uk
=005  20220126160743.0
=008  790922s1768\\\\enk\\\\\\\\\\o000\0\eng\c
=035  \\$a(Uk-ES)006338552
=040  \\$aUk-ES$cUk-ES$dCU-RivES$dCStRLIN$dCU-RivES$dUk-ES$edcrmb
=110  1\$aGreat Britain.$bParliament.
=240  10$aBills. 1768-02-01
=245  13$aAn act for establishing and confirming articles of agreement, dated thirty-first of March, 1767, between the Honourable William Edwardes, Rowland Edwardes, John Owen Edwardes, Esquires, and the Right Honourable Henry Lord Holland, concerning the manor of Abbots-Kensington, and divers messuages, lands, and hereditaments, in the parish of Kensington, in the county of Middlesex; and for vesting such manor, lands and hereditaments, in trust, to sell and convey the same to the said Henry Lord Holland, and for other purposes therein mentioned.
=264  \1$a[London] :$b[s.n.],$c[1768]
=300  \\$a18, [2] p. ;$c33 cm (2⁰)
=500  \\$aCaption title.
=500  \\$aEnacted: Private Acts, 8 Geo.III.c.32.
=500  \\$aDocket title dated 1768.
=500  \\$aWoodcut ornaments; woodcut factotum.
=500  \\$aSignatures: A-E².
=510  4\$aESTC,$cT67460
=530  \\$aAlso available on microfilm and in the U.K. Parliamentary Papers database which can be accessed by on-site users.
=655  \7$aBills.$2rbgenr
=700  0\$aGeorge$bIII,$cKing of Great Britain,$d1738-1820,$eformer owner.$5Uk
=700  0\$aGeorge$bIV,$cKing of Great Britain,$d1762-1830,$edonor.$5Uk
=752  \\$aGreat Britain$bEngland$dLondon.
=852  41$aBritish Library$bHMNTS$j214.i.2.(37)
=852  41$aBritish Library$bHMNTS$jB.S.302/67.(32)
=852  41$aBritish Library$bHMNTS$jB.S.Ref.2/33.(22)$qCopy at B.S.Ref.2/33.(22). Imperfect: wanting the final leaf E2 bearing docket title.
=856  41$uhttps://parlipapers.proquest.com/parlipapers/docview/t70.d75.pb-002226?$yProquest U.K. Parliamentary Papers
=CAT  \\$a3251$b40$c20191028$lBLL01$h1004
=CAT  \\$a8201$b40$c20220126$lBLL01$h1607
=FIN  \\$aY$d20191028
=FMT  \\$a  BK
=LAS  \\$a8201$b40$c20220126$lBLL01$h1607
=SRC  \\$aESTC

