=LDR  01911 am a2200397   4500
=001  019588825
=003  Uk
=005  20191028151009.0
=008  790922s1768\\\\enk\\\\\\\\\\o000\0\eng\c
=035  \\$a(Uk-ES)006338521
=040  \\$aUk-ES$cUk-ES$dCStRLIN$dUk-ES$edcrmb
=110  1\$aGreat Britain.$bParliament.
=240  10$aBills. 1768-02-09
=245  13$aAn act for dividing and inclosing the common fields, and other commonable lands and grounds, in the parishes of Lilley and Offley, in the county of Hertford, except a certain sheep down, commonly called Lilley Hoo, in the said parish of Lilley; and certain lands, part of the said common fields, lying south-east of West-Lane End, the Mill-House and Cold's-Cross, and north east of the town of Offley.
=264  \1$a[London] :$b[s.n.],$c[1768]
=300  \\$a20 p ;$c33 cm (2⁰)
=500  \\$aEnacted: Private Acts, 8 Geo.III.c.48.
=500  \\$aDocket title dated 1768.
=500  \\$aCaption title.
=500  \\$aSignatures: A-E².
=510  4\$aESTC,$cT67429
=530  \\$aAlso available on microfilm and in the U.K. Parliamentary Papers database which can be accessed by on-site users.
=650  \0$aCommons$zEngland$zHertfordshire$vEarly works to 1800.
=650  \0$aInclosures$zEngland$zHertfordshire$vEarly works to 1800.
=655  \7$aBills.$2rbgenr
=700  0\$aGeorge$bIII,$cKing of Great Britain,$d1738-1820,$eformer owner.$5Uk
=700  0\$aGeorge$bIV,$cKing of Great Britain,$d1762-1830,$edonor.$5Uk
=752  \\$aGreat Britain$bEngland$dLondon.
=852  41$aBritish Library$bHMNTS$j214.i.2.(5)
=852  41$aBritish Library$bHMNTS$jB.S.Ref.2/33.(38)
=856  41$uhttps://parlipapers.proquest.com/parlipapers/docview/t70.d75.pb-002242?$yProquest U.K. Parliamentary Papers
=CAT  \\$a3251$b40$c20191028$lBLL01$h1510
=FIN  \\$aY$d20191028
=FMT  \\$a  BK
=LAS  \\$a3251$b40$c20191028$lBLL01$h1510
=SRC  \\$aESTC

