=LDR  01792 am a2200409   4500
=001  019589420
=003  Uk
=005  20191029124027.0
=008  791208s1768\\\\enk\\\\\\\\\\o000\0\eng\c
=035  \\$a(Uk-ES)006352156
=040  \\$aUk-ES$cUk-ES$dCU-RivES$dCStRLIN$dCU-RivES$dUk-ES$edcrmb
=110  1\$aGreat Britain.$bParliament.
=240  10$aBills. 1768-02-15
=245  13$aAn act for dividing and inclosing the open and common fields, cow pastures, and other commons and commonable lands in the parish of Toynton Supra, within the manor of Horncastle, in the county of Lincoln.
=264  \1$a[London] :$b[s.n.],$c[1768]
=300  \\$a14, [2] p. ;$c33 cm (2⁰)
=500  \\$aEnacted: Private Acts, 8 Geo.III.c.68.
=500  \\$aDocket title dated 1768.
=500  \\$aCaption title.
=500  \\$aWoodcut head-piece; woodcut factotum.
=500  \\$aSignatures: A-D².
=510  4\$aESTC,$cT81602
=530  \\$aAlso available on microfilm and in the U.K. Parliamentary Papers database which can be accessed by on-site users.
=650  \0$aCommons$zEngland$zLincolnshire$vEarly works to 1800.
=650  \0$aInclosures$zEngland$zLincolnshire$vEarly works to 1800.
=655  \7$aBills.$2rbgenr
=700  0\$aGeorge$bIII,$cKing of Great Britain,$d1738-1820,$eformer owner.$5Uk
=700  0\$aGeorge$bIV,$cKing of Great Britain,$d1762-1830,$edonor.$5Uk
=752  \\$aGreat Britain$bEngland$dLondon.
=852  41$aBritish Library$bHMNTS$j214.i.2.(7)
=852  41$aBritish Library$bHMNTS$jB.S.Ref.2/33.(57)
=856  41$uhttps://parlipapers.proquest.com/parlipapers/docview/t70.d75.pb-002261?$yProquest U.K. Parliamentary Papers
=CAT  \\$a3251$b40$c20191029$lBLL01$h1240
=FIN  \\$aY$d20191029
=FMT  \\$a  BK
=LAS  \\$a3251$b40$c20191029$lBLL01$h1240
=SRC  \\$aESTC

