=LDR  01780 am a2200409   4500
=001  019589467
=003  Uk
=005  20191029132525.0
=008  790922s1768\\\\enk\\\\\\\\\\o000\0\eng\c
=035  \\$a(Uk-ES)006338523
=040  \\$aUk-ES$cUk-ES$dCStRLIN$dUk-ES$edcrmb
=110  1\$aGreat Britain.$bParliament.
=240  10$aBills. 1767-12-14
=245  13$aAn act for dividing and inclosing the open fields, meadows, common pastures, and other commonable lands, within the parish and liberties of Burton-Joyce and Bulcote, in the county of Nottingham.
=264  \1$a[London] :$b[s.n.],$c[1768]
=300  \\$a17, [1] p. ;$c33 cm (2⁰)
=500  \\$aEnacted: Private Acts, 8 Geo.III.c.52.
=500  \\$aDocket title dated 1768.
=500  \\$aCaption title.
=500  \\$aWoodcut ornaments; woodcut factotum.
=500  \\$aSignatures: A-C² D²(-D2) E².
=510  4\$aESTC,$cT67431
=530  \\$aAlso available on microfilm and in the U.K. Parliamentary Papers database which can be accessed by on-site users.
=650  \0$aCommons$zEngland$zNottinghamshire$vEarly works to 1800.
=650  \0$aInclosures$zEngland$zNottinghamshire$vEarly works to 1800.
=655  \7$aBills.$2rbgenr
=700  0\$aGeorge$bIII,$cKing of Great Britain,$d1738-1820,$eformer owner.$5Uk
=700  0\$aGeorge$bIV,$cKing of Great Britain,$d1762-1830,$edonor.$5Uk
=752  \\$aGreat Britain$bEngland$dLondon.
=852  41$aBritish Library$bHMNTS$jB.S.Ref.2/33.(42)
=852  41$aBritish Library$bHMNTS$j214.i.2.(9)
=856  41$uhttps://parlipapers.proquest.com/parlipapers/docview/t70.d75.pb-002246?$yProquest U.K. Parliamentary Papers
=CAT  \\$a3251$b40$c20191029$lBLL01$h1325
=FIN  \\$aY$d20191029
=FMT  \\$a  BK
=LAS  \\$a3251$b40$c20191029$lBLL01$h1325
=SRC  \\$aESTC

