=LDR  01732 am a2200409   4500
=001  019591984
=003  Uk
=005  20191030131111.0
=008  790922s1767\\\\enk\\\\\\\\\\o000\0\eng\c
=035  \\$a(Uk-ES)006338539
=040  \\$aUk-ES$cUk-ES$dCStRLIN$dCU-RivES$dUk-ES$edcrmb
=110  1\$aGreat Britain.$bParliament.
=240  10$aBills. 1767-12-03
=245  13$aAn act for dividing and inclosing the open and common fields and meadows of Stow, within the parish of Threekingham, in the county of Lincoln.
=264  \4$a[London] :$b[s.n.],$c[1767]
=300  \\$a16, [2] p. ;$c33 cm (2⁰)
=500  \\$aCaption title.
=500  \\$aEnacted: Private Acts, 8 Geo.III.c.1.
=500  \\$aDocket title dated 1767.
=500  \\$aWoodcut head-piece; woodcut factotum.
=500  \\$aSignatures: A-C² D²(-D2) E².
=510  4\$aESTC,$cT67447
=530  \\$aAlso available on microfilm and in the U.K. Parliamentary Papers database which can be accessed by on-site users.
=650  \0$aCommons$zEngland$zLincolnshire$vEarly works to 1800.
=650  \0$aInclosures$zEngland$zLincolnshire$vEarly works to 1800.
=655  \7$aBills.$2rbgenr
=700  0\$aGeorge$bIII,$cKing of Great Britain,$d1738-1820,$eformer owner.$5Uk
=700  0\$aGeorge$bIV,$cKing of Great Britain,$d1762-1830,$edonor.$5Uk
=752  \\$aGreat Britain$bEngland$dLondon.
=852  41$aBritish Library$bHMNTS$j214.i.2.(11)
=852  41$aBritish Library$bHMNTS$jB.S.Ref.2/33.(2)
=856  41$uhttps://parlipapers.proquest.com/parlipapers/docview/t70.d75.pb-002206?$yProquest U.K. Parliamentary Papers
=CAT  \\$a3251$b40$c20191030$lBLL01$h1311
=FIN  \\$aY$d20191030
=FMT  \\$a  BK
=LAS  \\$a3251$b40$c20191030$lBLL01$h1311
=SRC  \\$aESTC

