=LDR  01535 am a2200373   4500
=001  019593051
=003  Uk
=005  20191101133826.0
=008  790922s1768\\\\enk\\\\\\\\\\o000\0\eng\c
=035  \\$a(Uk-ES)006338546
=040  \\$aUk-ES$cUk-ES$dCStRLIN$dUk-ES$edcrmb
=110  1\$aGreat Britain.$bParliament.
=240  10$aBills. 1768-01-19
=245  12$aA bill for dividing and inclosing the common and waste ground, within the township and manor of Cononly, in the parish of Kildwick, in the West-Riding of the county of York.
=264  \1$a[London] :$b[s.n.],$c[1768]
=300  \\$a17, [1] p. ;$c32 cm (2⁰)
=500  \\$aCaption title.
=500  \\$aDocket title dated 1768.
=500  \\$aEnacted: Private Acts, 8 Geo.III.c.23.
=500  \\$aWoodcut ornaments; woodcut factotum.
=500  \\$aSignatures: A-C² D²(-D2) E².
=510  4\$aESTC,$cT67454
=530  \\$aAlso available on microfilm and in the U.K. Parliamentary Papers database which can be accessed by on-site users.
=650  \0$aCommons$zEngland$zYorkshire$vEarly works to 1800.
=650  \0$aInclosures$zEngland$zYorkshire$vEarly works to 1800.
=655  \7$aBills.$2rbgenr
=752  \\$aGreat Britain$bEngland$dLondon.
=852  41$aBritish Library$bHMNTS$jB.S.Ref.2/33.(15)
=856  41$uhttps://parlipapers.proquest.com/parlipapers/docview/t70.d75.pb-002219?$yProquest U.K. Parliamentary Papers
=CAT  \\$a3251$b40$c20191101$lBLL01$h1338
=FIN  \\$aY$d20191101
=FMT  \\$a  BK
=LAS  \\$a3251$b40$c20191101$lBLL01$h1338
=SRC  \\$aESTC

