=LDR  01864 am a2200409   4500
=001  019604806
=003  Uk
=005  20191106125443.0
=008  791208s1768\\\\enk\\\\\\\\\\o000\0\eng\c
=035  \\$a(Uk-ES)006352157
=040  \\$aUk-ES$cUk-ES$dCU-RivES$dCStRLIN$dCU-RivES$dUk-ES$edcrmb
=110  1\$aGreat Britain.$bParliament.
=240  10$aBills. 1768-01-26
=245  13$aAn act for dividing and inclosing the several fields, meadows, waste and other commonable lands, lying within the manor or liberty of Little Sheepy, in the county of Leicester.
=264  \1$a[London]$b[s.n.],$c[1768]
=300  \\$a20, [2] p. ;$c33 cm (2⁰)
=500  \\$aCaption title.
=500  \\$aEnacted: Private Acts, 8 Geo.III.c.40.
=500  \\$aDocket title dated 1768.
=500  \\$aWoodcut head-piece; woodcut factotum.
=500  \\$aSignatures: A-D² E²(-E2) F².
=510  4\$aESTC,$cT81603
=530  \\$aAlso available on microfilm and in the U.K. Parliamentary Papers database which can be accessed by on-site users.
=650  \0$aInclosures$zEngland$zLeicestershire$vEarly works to 1800.
=650  \0$aCommons$zEngland$zLeicestershire$vEarly works to 1800.
=655  \7$aBills.$2rbgenr
=700  0\$aGeorge$bIII,$cKing of Great Britain,$d1738-1820,$eformer owner.$5Uk
=700  0\$aGeorge$bIV,$cKing of Great Britain,$d1762-1830,$edonor.$5Uk
=752  \\$aGreat Britain$bEngland$dLondon.
=852  41$aBritish Library$bHMNTS$jB.S.Ref.2/33.(30)$qCopy at B.S.Ref.2/33.(30). Imperfect: wanting the final leaf bearing docket title.
=852  41$aBritish Library$bHMNTS$j214.i.2.(23)
=856  41$uhttps://parlipapers.proquest.com/parlipapers/docview/t70.d75.pb-002234?$yProquest U.K. Parliamentary Papers
=CAT  \\$a3251$b40$c20191106$lBLL01$h1254
=FIN  \\$aY$d20191106
=FMT  \\$a  BK
=LAS  \\$a3251$b40$c20191106$lBLL01$h1254
=SRC  \\$aESTC

