=LDR  01831 am a2200421   4500
=001  019604961
=003  Uk
=005  20191106154317.0
=008  790922s1768\\\\enk\\\\\\\\\\o000\0\eng\c
=035  \\$a(Uk-ES)006338506
=040  \\$aUk-ES$cUk-ES$dCStRLIN$dUK-ES$edcrmb
=110  1\$aGreat Britain.$bParliament.
=240  10$aBills. 1768-02-01
=245  13$aAn act for dividing and inclosing the open common fields, meadow grounds and common fen, in the parish of Morton, in the county of Lincoln, and for draining and improving the said fen.
=264  \1$a[London] :$b[s.n.],$c[1768]
=300  \\$a25, [1] p. ;$c33 cm (2⁰)
=500  \\$aEnacted: Private Acts, 8 Geo.III.c.41.
=500  \\$aDocket title dated 1768.
=500  \\$aCaption title.
=500  \\$aWoodcut ornaments; woodcut factotum.
=500  \\$aSignatures: A-E² F²(-F2) G².
=510  4\$aESTC,$cT67414
=530  \\$aAlso available on microfilm and in the U.K. Parliamentary Papers database which can be accessed by on-site users.
=650  \0$aFens$zEngland$zLincolnshore$vEarly works to 1800.
=650  \0$aInclosures$zEngland$zLincolnshire$vEarly works to 1800.
=650  \0$aCommons$zEngland$zLincolnshire$vEarly works to 1800.
=655  \7$aBills.$2rbgenr
=700  0\$aGeorge$bIII,$cKing of Great Britain,$d1738-1820,$eformer owner.$5Uk
=700  0\$aGeorge$bIV,$cKing of Great Britain,$d1762-1830,$edonor.$5Uk
=752  \\$aGreat Britain$bEngland$dLondon.
=852  41$aBritish Library$bHMNTS$j214.i.2.(28)
=852  41$aBritish Library$bHMNTS$jB.S.Ref.2/33.(31)
=856  41$uhttps://parlipapers.proquest.com/parlipapers/docview/t70.d75.pb-002235?$yProquest U.K. Parliamentary Papers
=CAT  \\$a3251$b40$c20191106$lBLL01$h1543
=FIN  \\$aY$d20191106
=FMT  \\$a  BK
=LAS  \\$a3251$b40$c20191106$lBLL01$h1543
=SRC  \\$aESTC

