=LDR  01724 am a2200409   4500
=001  019605369
=003  Uk
=005  20191107131819.0
=008  790922s1768\\\\enk\\\\\\\\\\o000\0\eng\c
=035  \\$a(Uk-ES)006338510
=040  \\$aUk-ES$cUk-ES$dCStRLIN$dUk-ES$edcrmb
=110  1\$aGreat Britain.$bParliament.
=240  10$aBills. 1768-02-11
=245  13$aAn act for dividing and inclosing the open commons and town fields within the township of East Ayton, in the parish of Seamer, in the county of York.
=264  \1$a[London] :$b[s.n.],$c[1768]
=300  \\$a17, [1] p. ;$c33 cm (2⁰)
=500  \\$aEnacted: Private Acts, 8 Geo.III.c.45.
=500  \\$aDocket title dated 1768.
=500  \\$aCaption title.
=500  \\$aWoodcut ornaments; woodcut factotum.
=500  \\$aSignatures: A-C² D²(-D2) E².
=510  4\$aESTC,$cT67418
=530  \\$aAlso available on microfilm and in the U.K. Parliamentary Papers database which can be accessed by on-site users.
=650  \0$aInclosures$zEngland$zYorkshire$vEarly works to 1800.
=650  \0$aCommons$zEngland$zYorkshire$vEarly works to 1800.
=655  \7$aBills.$2rbgenr
=700  0\$aGeorge$bIII,$cKing of Great Britain,$d1738-1820,$eformer owner.$5Uk
=700  0\$aGeorge$bIV,$cKing of Great Britain,$d1762-1830,$edonor.$5Uk
=752  \\$aGreat Britain$bEngland$dLondon.
=852  41$aBritish Library$bHMNTS$jB.S.Ref.2/33.(35)
=852  41$aBritish Library$bHMNTS$j214.i.2.(34)
=856  41$uhttps://parlipapers.proquest.com/parlipapers/docview/t70.d75.pb-002239?$yProquest U.K. Parliamentary Papers
=CAT  \\$a3251$b40$c20191107$lBLL01$h1318
=FIN  \\$aY$d20191107
=FMT  \\$a  BK
=LAS  \\$a3251$b40$c20191107$lBLL01$h1318
=SRC  \\$aESTC

