=LDR  01962 am a2200397   4500
=001  019605429
=003  Uk
=005  20191107145237.0
=008  790922s1768\\\\enk\\\\\\\\\\o000\0\eng\c
=035  \\$a(Uk-ES)006338527
=040  \\$aUk-ES$cUk-ES$dCStRLIN$dUk-ES$edcrmb
=110  1\$aGreat Britain.$bParliament.
=240  10$aBills. 1768-01-26
=245  13$aAn act for vesting several undivided parts of divers baronies, lands, and hereditaments, late the estate of Brice Fisher, Esquire, deceased, situate in the provinces of South Carolina and Georgia, in America, in trustees, to be sold, discharged of the uses of the will of the said Brice Fisher; and for vesting the money arising by such sale in the purchase of lands and hereditaments in that part of Great Britain called England, to be settled to the uses of the said will.
=264  \1$a[London] :$b[s.n.],$c[1768]
=300  \\$a7, [1] p. ;$c33 cm (2⁰)
=500  \\$aDocket title dated 1768.
=500  \\$aCaption title.
=500  \\$aEnacted: Private Acts, 8 Geo.III.c.31.
=500  \\$aWoodcut head-piece; woodcut factotum.
=500  \\$aSignatures: A-B⁸.
=510  4\$aESTC,$cT67435
=530  \\$aAlso available on microfilm and in the U.K. Parliamentary Papers database which can be accessed by on-site users.
=650  \0$aEstate sales$zEngland$vEarly works to 1800.
=655  \7$aBills.$2rbgenr
=700  0\$aGeorge$bIII,$cKing of Great Britain,$d1738-1820,$eformer owner.$5Uk
=700  0\$aGeorge$bIV,$cKing of Great Britain,$d1762-1830,$edonor.$5Uk
=752  \\$aGreat Britain$bEngland$dLondon.
=852  41$aBritish Library$bHMNTS$jB.S.Ref.2/33.(21)
=852  41$aBritish Library$bHMNTS$j214.i.2.(36)
=856  41$uhttps://parlipapers.proquest.com/parlipapers/docview/t70.d75.pb-002225?$yProquest U.K. Parliamentary Papers
=CAT  \\$a3251$b40$c20191107$lBLL01$h1452
=FIN  \\$aY$d20191107
=FMT  \\$a  BK
=LAS  \\$a3251$b40$c20191107$lBLL01$h1452
=SRC  \\$aESTC

