=LDR  01712 am a2200373   4500
=001  019606180
=003  Uk
=005  20191108094509.0
=008  790922s1768\\\\enk\\\\\\\\\\o000\0\eng\c
=035  \\$a(Uk-ES)006338508
=040  \\$aUk-ES$cUk-ES$dCU-RivES$dCStRLIN$dCU-RivES$dUk-ES$edcrmb
=110  1\$aGreat Britain.$bParliament.
=240  10$aBills. 1768-02-05
=245  13$aAn act to enable William Tufnell Jolliff, Esquire, Lord of the manor of Barners, otherwise Barnersbury, in Islington, in the county of Middlesex, to grant building leases of the demesne lands thereof, and to rate and assess fines on certain copyhold lands within the said manor, for encouraging the tenants to build thereon.
=264  \1$a[London] :$b[s.n.],$c[1768]
=300  \\$a4 p. ;$c33 cm (2⁰)
=500  \\$aEnacted: Private Acts, 8 Geo.III.c.34.
=500  \\$aDocket title dated 1768.
=500  \\$aCaption title.
=500  \\$aSignatures: [A]².
=510  4\$aESTC,$cT67416
=530  \\$aAlso available on microfilm and in the U.K. Parliamentary Papers database which can be accessed by on-site users.
=655  \7$aBills.$2rbgenr
=700  0\$aGeorge$bIII,$cKing of Great Britain,$d1738-1820,$eformer owner.$5Uk
=700  0\$aGeorge$bIV,$cKing of Great Britain,$d1762-1830,$edonor.$5Uk
=752  \\$aGreat Britain$bEngland$dLondon.
=852  41$aBritish Library$bHMNTS$j214.i.2.(38)
=852  41$aBritish Library$bHMNTS$jB.S.Ref.2/33.(24)
=856  41$uhttps://parlipapers.proquest.com/parlipapers/docview/t70.d75.pb-002228?$yProquest U.K. Parliamentary Papers
=CAT  \\$a3251$b40$c20191108$lBLL01$h0945
=FIN  \\$aY$d20191108
=FMT  \\$a  BK
=LAS  \\$a3251$b40$c20191108$lBLL01$h0945
=SRC  \\$aESTC

