=LDR  01930 am a2200373   4500
=001  019606188
=003  Uk
=005  20191108100328.0
=008  790922s1768\\\\enk\\\\\\\\\\o000\0\eng\c
=035  \\$a(Uk-ES)006338509
=040  \\$aUk-ES$cUk-ES$dCStRLIN$dUk-ES$edcrmb
=110  1\$aGreat Britain.$bParliament.
=240  10$aBills. 1768-02-15
=245  13$aAn act to subject and charge a competent part of the manor and lordship of Tottenham Hall, otherwise Tottenham Court, in the county of Middlesex, and of the lands and hereditaments thereunto belonging, with the payment of a perpetual yearly rent-charge to Doctor Richard Browne and his successors; and for diverting the fee simple and inheritance of the said premises out of him and his successors, and for vesting the same in trustees to teh use of Charles Fitz Roy, and Ann his wife, and their issue, with such powers and authorities as therein are mentioned.
=264  \1$a[London] :$b[s.n.],$c[1768]
=300  \\$a27, [1] p. ;$c32 cm (2⁰)
=500  \\$aCaption title.
=500  \\$aEnacted: Private Acts, 8 Geo.III.c.58.
=500  \\$aDocket title dated 1768.
=500  \\$aA different setting from that work of the same title, and 25 pages long.
=500  \\$aWoodcut head-piece; woodcut factotum.
=500  \\$aSignatures: A-G².
=510  4\$aESTC,$cT67417
=530  \\$aAlso available on microfilm and in the U.K. Parliamentary Papers database which can be accessed by on-site users.
=650  \0$aInheritance and succession$vEarly works to 1800.
=655  \7$aBills.$2rbgenr
=752  \\$aGreat Britain$bEngland$dLondon.
=852  41$aBritish Library$bHMNTS$jB.S.Ref.2/33.(47)
=856  41$uhttps://parlipapers.proquest.com/parlipapers/docview/t70.d75.pb-002251?$yProquest U.K. Parliamentary Papers
=CAT  \\$a3251$b40$c20191108$lBLL01$h1003
=FIN  \\$aY$d20191108
=FMT  \\$a  BK
=LAS  \\$a3251$b40$c20191108$lBLL01$h1003
=SRC  \\$aESTC

