=LDR  01869 am a2200397   4500
=001  019606274
=003  Uk
=005  20191108122505.0
=008  790922s1768\\\\enk\\\\\\\\\\o000\0\eng\c
=035  \\$a(Uk-ES)006338525
=040  \\$aUk-ES$cUk-ES$dCStRLIN$dUk-ES$edcrmb
=110  1\$aGreat Britain.$bParliament.
=240  10$aBills. 1768-02-12
=245  13$aAn act for vesting part of the settled estate of the Honourable and Reverend James Yorke and Mary his Wife, situate in Arlington Street, in the county of Middlesex, in trustees, to be conveyed pursuant to articles entered into for sale thereof; and for laying out money thereby stipulated to be paid in the purchase of other lands to be settled to the same uses.
=264  \1$a[London] :$b[s.n.],$c[1768]
=300  \\$a14 p. ;$c33 cm (2⁰)
=500  \\$aCaption title.
=500  \\$aEnacted: Private Acts, 8 Geo.III.c.61.
=500  \\$aDocket title dated 1768.
=500  \\$aWoodcut head-piece; woodcut factotum.
=500  \\$aSignatures: A-B² C²(-C2) D².
=510  4\$aESTC,$cT67433
=530  \\$aAlso available on microfilm and in the U.K. Parliamentary Papers database which can be accessed by on-site users.
=650  \0$aEstate sales$zEngland$zMiddlesex$vEarly works to 1800.
=655  \7$aBills.$2rbgenr
=700  0\$aGeorge$bIII,$cKing of Great Britain,$d1738-1820,$eformer owner.$5Uk
=700  0\$aGeorge$bIV,$cKing of Great Britain,$d1762-1830,$edonor.$5Uk
=752  \\$aGreat Britain$bEngland$dLondon.
=852  41$aBritish Library$bHMNTS$jB.S.Ref.2/33.(50)
=852  41$aBritish Library$bHMNTS$j214.i.2.(40)
=856  41$uhttps://parlipapers.proquest.com/parlipapers/docview/t70.d75.pb-002254?$yProquest U.K. Parliamentary Papers
=CAT  \\$a3251$b40$c20191108$lBLL01$h1225
=FIN  \\$aY$d20191108
=FMT  \\$a  BK
=LAS  \\$a3251$b40$c20191108$lBLL01$h1225
=SRC  \\$aESTC

