=LDR  01731 am a2200409   4500
=001  019609933
=003  Uk
=005  20191112144859.0
=008  790922s1768\\\\enk\\\\\\\\\\o000\0\eng\c
=035  \\$a(Uk-ES)006338526
=040  \\$aUk-ES$cUk-ES$dCStRLIN$dUk-ES$edcrmb
=110  1\$aGreat Britain.$bParliament.
=240  10$aBills. 1768-02-01
=245  12$aA bill for making the exemplification of the last will and testament of Richard Fitz-Gerald, Esquire, deceased, evidence in all courts of law and equity in Great Britain and Ireland.
=264  \1$a[London] :$b[s.n.],$c[1768]
=300  \\$a3, [1] p. ;$c33 cm (2⁰)
=500  \\$aTitle from docket.
=500  \\$aEnacted: Private Acts, 8 Geo.III.c.53.
=500  \\$aWoodcut head-piece; woodcut factotum.
=500  \\$aSignatures: A².
=510  4\$aESTC,$cT67434
=530  \\$aAlso available on microfilm and in the U.K. Parliamentary Papers database which can be accessed by on-site users.
=600  10$aFitz-Gerald, Richard$xWill$vEarly works to 1800.
=655  \7$aBills.$2rbgenr
=700  0\$aGeorge$bIII,$cKing of Great Britain,$d1738-1820,$eformer owner.$5Uk
=700  0\$aGeorge$bIV,$cKing of Great Britain,$d1762-1830,$edonor.$5Uk
=752  \\$aGreat Britain$bEngland$dLondon.
=852  41$aBritish Library$bHMNTS$j214.i.2.(41)
=852  41$aBritish Library$bHMNTS$jB.S.Ref.2/33.(43)
=856  41$uhttps://parlipapers.proquest.com/parlipapers/docview/t70.d75.pb-002247?$yProquest U.K. Parliamentary Papers
=CAT  \\$a3251$b40$c20191112$lBLL01$h1434
=CAT  \\$a3251$b40$c20191112$lBLL01$h1441
=CAT  \\$a3251$b40$c20191112$lBLL01$h1448
=FIN  \\$aY$d20191112
=FMT  \\$a  BK
=LAS  \\$a3251$b40$c20191112$lBLL01$h1448
=SRC  \\$aESTC

