=LDR  01742 am a2200409   4500
=001  019609994
=003  Uk
=005  20191112145028.0
=008  790922s1768\\\\enk\\\\\\\\\\o000\0\eng\c
=035  \\$a(Uk-ES)006338518
=040  \\$aUk-ES$cUk-ES$dCStRLIN$dUk-ES$edcrmb
=110  1\$aGreat Britain.$bParliament.
=240  10$aBills. 1768-02-18
=245  13$aAn act for sale of the freehold estate late of Roger Drake, Esquire, deceased, and for laying out the money arising thereby for the benefit of Roger Drake, an infant, his eldest son and heir at law.
=264  \1$a[London] :$b[s.n.],$c[1768]
=300  \\$a11, [1] p. ;$c33 cm (2⁰)
=500  \\$aEnacted: Private Acts, 8 Geo.III.c.35.
=500  \\$aDocket title dated 1768.
=500  \\$aCaption title.
=500  \\$aWoodcut ornaments; woodcut factotum.
=500  \\$aSignatures: A-C².
=510  4\$aESTC,$cT67426
=530  \\$aAlso available on microfilm and in the U.K. Parliamentary Papers database which can be accessed by on-site users.
=650  \0$aDecedents' estates$vEarly works to 1800.
=650  \0$aEstate sales$zEngland$vEarly works to 1800.
=655  \7$aBills.$2rbgenr
=700  0\$aGeorge$bIII,$cKing of Great Britain,$d1738-1820,$eformer owner.$5Uk
=700  0\$aGeorge$bIV,$cKing of Great Britain,$d1762-1830,$edonor.$5Uk
=752  \\$aGreat Britain$bEngland$dLondon.
=852  41$aBritish Library$bHMNTS$j214.i.2.(42)
=852  41$aBritish Library$bHMNTS$jB.S.Ref.2/33.(25)
=856  41$uhttps://parlipapers.proquest.com/parlipapers/docview/t70.d75.pb-002229?$yProquest U.K. Parliamentary Papers
=CAT  \\$a3251$b40$c20191112$lBLL01$h1450
=FIN  \\$aY$d20191112
=FMT  \\$a  BK
=LAS  \\$a3251$b40$c20191112$lBLL01$h1450
=SRC  \\$aESTC

