=LDR  01905 am a2200385   4500
=001  019610008
=003  Uk
=005  20191112151925.0
=008  790922s1768\\\\enk\\\\\\\\\\o000\0\eng\c
=035  \\$a(Uk-ES)006338556
=040  \\$aUk-ES$cUk-ES$dCU-RivES$dCStRLIN$dCU-RivES$dUk-ES$edcrmb
=110  1\$aGreat Britain.$bParliament.
=240  10$aBills. 1768-02-12
=245  13$aAn act for confirming and carrying into execution an agreement, dated the twenty-sixth day of December in the year one thousand seven hundred and sixty-seven, between Walter Waring, Esquire, and the Right Honourable Robert Lord Clive; and for vesting certain estates in the counties of Salop and Montgomery in certain trustees, and their heirs, for that purpose.
=264  \1$a[London]$b[s.n.],$c[1768]
=300  \\$a24, [2] p. ;$c33 cm (2⁰)
=500  \\$aCaption title.
=500  \\$aEnacted: Private Acts, 8 Geo.III.c.62.
=500  \\$aDocket title dated 1768.
=500  \\$aWoodcut head-piece; woodcut factotum.
=500  \\$aSignatures: A-E² F²(-F2) G².
=510  4\$aESTC,$cT67464
=530  \\$aAlso available on microfilm and in the U.K. Parliamentary Papers database which can be accessed by on-site users.
=655  \7$aBills.$2rbgenr
=700  0\$aGeorge$bIII,$cKing of Great Britain,$d1738-1820,$eformer owner.$5Uk
=700  0\$aGeorge$bIV,$cKing of Great Britain,$d1762-1830,$edonor.$5Uk
=752  \\$aGreat Britain$bEngland$dLondon.
=852  41$aBritish Library$bHMNTS$jB.S.Ref.2/33.(51)$qCopy at B.S.Ref.2/33.(51). Imperfect: wanting the final leaf bearing docket title.
=852  41$aBritish Library$bHMNTS$j214.i.2.(43)
=856  41$uhttps://parlipapers.proquest.com/parlipapers/docview/t70.d75.pb-002255?$yProquest U.K. Parliamentary Papers
=CAT  \\$a3251$b40$c20191112$lBLL01$h1519
=FIN  \\$aY$d20191112
=FMT  \\$a  BK
=LAS  \\$a3251$b40$c20191112$lBLL01$h1519
=SRC  \\$aESTC

