=LDR  01869cam a2200433   4500
=001  019610022
=003  Uk
=005  20220126144249.0
=008  790922s1767\\\\enk\\\\\\\\\\o000\0\eng\c
=035  \\$a(Uk-ES)006338529
=040  \\$aUk-ES$cUk-ES$dCStRLIN$dUk-ES$edcrmb
=110  1\$aGreat Britain.$bParliament.
=240  10$aBills. 1767-12-17
=245  13$aAn act for exemplifying or inrolling an indenture of settlement of Elizabeth Bridges, and the will and condicils of Brooke Bridges, Esquire; and making the same evidence as well in Ireland as Great Britain.
=264  \1$a[London] :$b[s.n.],$c[1767]
=300  \\$a7, [1] p. ;$c33 cm (2⁰)
=500  \\$aCaption title.
=500  \\$aEnacted: Private Acts, 8 Geo.III.c.27.
=500  \\$aDocket title dated 1767.
=500  \\$aWoodcut head-piece; woodcut factotum.
=500  \\$aSignatures: A-B².
=510  4\$aESTC,$cT67437
=530  \\$aAlso available on microfilm and in the U.K. Parliamentary Papers database which can be accessed by on-site users.
=600  10$aBridges, Brooke,$d-1702$xWill$vEarly works to 1800.
=650  \0$aLand tenure$xLaw and legislation$vEarly works to 1800.
=655  \7$aBills.$2rbgenr
=700  0\$aGeorge$bIII,$cKing of Great Britain,$d1738-1820,$eformer owner.$5Uk
=700  0\$aGeorge$bIV,$cKing of Great Britain,$d1762-1830,$edonor.$5Uk
=752  \\$aGreat Britain$bEngland$dLondon.
=852  41$aBritish Library$bHMNTS$j214.i.2.(44)
=852  41$aBritish Library$bHMNTS$jB.S.Ref.2/33.(19)
=856  41$uhttps://parlipapers.proquest.com/parlipapers/docview/t70.d75.pb-002223$yProquest U.K. Parliamentary Papers
=CAT  \\$a3251$b40$c20191112$lBLL01$h1541
=CAT  \\$a3251$b40$c20191112$lBLL01$h1545
=CAT  \\$a13463$b40$c20220126$lBLL01$h1442
=FIN  \\$aY$d20191112
=FMT  \\$a  BK
=LAS  \\$a13463$b40$c20220126$lBLL01$h1442
=SRC  \\$aESTC

