=LDR  01850 am a2200409   4500
=001  019615487
=003  Uk
=005  20191119100713.0
=008  791208s1768\\\\enk\\\\\\\\\\o000\0\eng\c
=035  \\$a(Uk-ES)006352155
=040  \\$aUk-ES$cUk-ES$dCStRLIN$dUk-ES$edcrmb
=110  1\$aGreat Britain.$bParliament.
=240  10$aBills. 1768-02-15
=245  13$aAn act for vesting in trustees and their heirs, an entailed estate in the county of Lincoln, in order that the same may be sold, and the purchase money applied for the purposes in the said act mentioned; and for settling an estate in the county of Suffolk, of greater value in lieu thereof.
=264  \1$a[London] :$b[s.n.],$c[1768]
=300  \\$a19, [7] p. ;$c33 cm (2⁰)
=500  \\$aWith a docket title.
=500  \\$aEnacted: Private Acts, 8 Geo.III.c.59.
=500  \\$aCaption title.
=500  \\$aWoodcut ornaments; woodcut factotum.
=500  \\$aSignatures: A-E² [F]² [G]²(-[G]2).
=510  4\$aESTC,$cT81601
=530  \\$aAlso available on microfilm and in the U.K. Parliamentary Papers database which can be accessed by on-site users.
=650  \0$aEstate sales$vEarly works to 1800.
=650  \0$aReal property$zGreat Britain$vEarly works to 1800.
=655  \7$aBills.$2rbgenr
=700  0\$aGeorge$bIII,$cKing of Great Britain,$d1738-1820,$eformer owner.$5Uk
=700  0\$aGeorge$bIV,$cKing of Great Britain,$d1762-1830,$edonor.$5Uk
=752  \\$aGreat Britain$bEngland$dLondon.
=852  41$aBritish Library$bHMNTS$jB.S.Ref.2/33.(48)
=852  41$aBritish Library$bHMNTS$j214.i.2.(45)
=856  41$uhttps://parlipapers.proquest.com/parlipapers/docview/t70.d75.pb-002252?$yProquest U.K. Parliamentary Papers
=CAT  \\$a3251$b40$c20191119$lBLL01$h1007
=FIN  \\$aY$d20191119
=FMT  \\$a  BK
=LAS  \\$a3251$b40$c20191119$lBLL01$h1007
=SRC  \\$aESTC

