=LDR  02073 am a2200409   4500
=001  019615496
=003  Uk
=005  20191119103150.0
=008  790922s1768\\\\enk\\\\\\\\\\o000\0\eng\c
=035  \\$a(Uk-ES)006338555
=040  \\$aUk-ES$cUk-ES$dCStRLIN$dUk-ES$edcrmb
=110  1\$aGreat Britain.$bParliament.
=240  10$aBills. 1768-02-15
=245  13$aAn act for vesting certain lands and hereditaments in the parish of Warfield, in the county of Berks, with the appurtenances, in John Hart Cotton, of Warfield, aforesaid, Esq. and for settling and assuring in lieu thereof, a rent-charge of greater value, to be issuing out of part of the said lands and hereditaments; and also, out of the capital messuage and lands in the said parish of Warfield, and in the parish of Binfield, in the same county, or one of them, belonging to the said John Hart-Cotton, for the purposes in the act mentioned.
=264  \1$a[London] :$b[s.n.],$c[1768]
=300  \\$a13, [1] p. ;$c33 cm (2⁰)
=500  \\$aCaption title.
=500  \\$aWith a docket title.
=500  \\$aEnacted: Private Acts, 8 Geo.III.c.63.
=500  \\$aWoodcut ornaments; woodcut factotum.
=500  \\$aSignatures: A-C² [chi]1.
=510  4\$aESTC,$cT67463
=530  \\$aAlso available on microfilm and in the U.K. Parliamentary Papers database which can be accessed by on-site users.
=648  \7$a1701-1800$2local
=650  \0$aReal property$zGreat Britain$vEarly works to 1800.
=655  \7$aBills.$2rbgenr
=700  0\$aGeorge$bIII,$cKing of Great Britain,$d1738-1820,$eformer owner.$5Uk
=700  0\$aGeorge$bIV,$cKing of Great Britain,$d1762-1830,$edonor.$5Uk
=752  \\$aGreat Britain$bEngland$dLondon.
=852  41$aBritish Library$bHMNTS$j214.i.2.(46)
=852  41$aBritish Library$bHMNTS$jB.S.Ref.2/33.(52)
=856  41$uhttps://parlipapers.proquest.com/parlipapers/docview/t70.d75.pb-002256?$yProquest U.K. Parliamentary Papers
=CAT  \\$a3251$b40$c20191119$lBLL01$h1031
=FIN  \\$aY$d20191119
=FMT  \\$a  BK
=LAS  \\$a3251$b40$c20191119$lBLL01$h1031
=SRC  \\$aESTC

