=LDR  01798 am a2200373   4500
=001  019617562
=003  Uk
=005  20191120101450.0
=008  790922s1768\\\\enk\\\\\\\\\\o000\0\eng\c
=035  \\$a(Uk-ES)006338528
=040  \\$aUk-ES$cUk-ES$dCU-RivES$dCStRLIN$dCU-RivES$dUk-ES$edcrmb
=110  1\$aGreat Britain.$bParliament.
=240  10$aBills. 1768-01-20
=245  13$aAn act to enable the most noble John Duke of Bedford, and the most honourable Elizabeth Marchioness of Tavistock, and the survivor of them, and such person or persons as they or the survivor of them, shall by deed or writing, or by his or her last will and testament nominate or appoint, to make leases of the real estates late of the most honourable Francis Russell, called Marquiss of Tavistock deceased.
=264  \1$a[London] :$b[s.n.],$c[1768]
=300  \\$a3, [1] p. ;$c33 cm (2⁰)
=500  \\$aEnacted: Private Acts, 8 Geo.III.c.30.
=500  \\$aDocket title dated 1768.
=500  \\$aCaption title.
=500  \\$aSignatures: [A]².
=510  4\$aESTC,$cT6743
=530  \\$aAlso available on microfilm and in the U.K. Parliamentary Papers database which can be accessed by on-site users.
=655  \7$aBills.$2rbgenr
=700  0\$aGeorge$bIII,$cKing of Great Britain,$d1738-1820,$eformer owner.$5Uk
=700  0\$aGeorge$bIV,$cKing of Great Britain,$d1762-1830,$edonor.$5Uk
=752  \\$aGreat Britain$bEngland$dLondon.
=852  41$aBritish Library$bHMNTS$j214.i.2.(47)
=852  41$aBritish Library$bHMNTS$jB.S.Ref.2/33.(20)
=856  41$uhttps://parlipapers.proquest.com/parlipapers/docview/t70.d75.pb-002224?$yProquest U.K. Parliamentary Papers
=CAT  \\$a3251$b40$c20191120$lBLL01$h1014
=FIN  \\$aY$d20191120
=FMT  \\$a  BK
=LAS  \\$a3251$b40$c20191120$lBLL01$h1014
=SRC  \\$aESTC

