=LDR  01806 am a2200373   4500
=001  019617570
=003  Uk
=005  20191120103209.0
=008  790922s1768\\\\enk\\\\\\\\\\o000\0\eng\c
=035  \\$a(Uk-ES)006338519
=040  \\$aUk-ES$cUk-ES$dCStRLIN$dUk-ES$edcrmb
=110  1\$aGreat Britain.$bParliament.
=240  10$aBills. 1768-02-01
=245  13$aAn act for vesting an undivided moiety of certain manors, messuages, lands, tenements and hereditaments, situate and being in the county of Berks, late the estate of Charles Lord Viscount Fane, deceased, and which, upon his death, became vested in possession in Dorothy Countess of Sandwich, in trustees, and their heirs in trust, so be sold, and for applying the money to arise by the sale thereof, in the manner therein mentioned.
=264  \1$a[London] :$b[s.n.],$c[1768]
=300  \\$a27, [1] p. ;$c33 cm (2⁰)
=500  \\$aEnacted: Private Acts, 8 Geo.III.c.33.
=500  \\$aDocket title dated 1768.
=500  \\$aCaption title.
=500  \\$aSignatures: A-G².
=510  4\$aESTC,$cT67427
=530  \\$aAlso available on microfilm and in the U.K. Parliamentary Papers database which can be accessed by on-site users.
=655  \7$aBills.$2rbgenr
=700  0\$aGeorge$bIII,$cKing of Great Britain,$d1738-1820,$eformer owner.$5Uk
=700  0\$aGeorge$bIV,$cKing of Great Britain,$d1762-1830,$edonor.$5Uk
=752  \\$aGreat Britain$bEngland$dLondon.
=852  41$aBritish Library$bHMNTS$jB.S.Ref.2/33.(23)
=852  41$aBritish Library$bHMNTS$j214.i.2.(48)
=856  41$uhttps://parlipapers.proquest.com/parlipapers/docview/t70.d75.pb-002227?$yProquest U.K. Parliamentary Papers
=CAT  \\$a3251$b40$c20191120$lBLL01$h1032
=FIN  \\$aY$d20191120
=FMT  \\$a  BK
=LAS  \\$a3251$b40$c20191120$lBLL01$h1032
=SRC  \\$aESTC

