=LDR  01920 am a2200397   4500
=001  019617724
=003  Uk
=005  20191120133329.0
=008  790922s1768\\\\enk\\\\\\\\\\o000\0\eng\c
=035  \\$a(Uk-ES)006338504
=040  \\$aUk-ES$cUk-ES$dCStRLIN$dUk-ES$edcrmb
=110  1\$aGreat Britain.$bParliament.
=240  10$aBills. 1768-02-11
=245  13$aAn act for enabling and impowering the Mayor and commonalty and citizens of the city of London, and their successors, to sell and convey to the Right Honourable George Earl of Pomfret, the Lordship and manor of Oxenforde, with the messuages, lands, and hereditaments, thereto belonging; and for applying the purchase-money to the purposes therein mentioned.
=264  \1$a[London] :$b[s.n.],$c[1768]
=300  \\$a10, [2] p. ;$c33 cm (2⁰)
=500  \\$aCaption title.
=500  \\$aEnacted: Private Acts, 8 Geo.III.c.55.
=500  \\$aDocket title dated 1768.
=500  \\$aWoodcut head-piece; woodcut factotum.
=500  \\$aSignatures: A-C².
=510  4\$aESTC,$cT67412
=530  \\$aAlso available on microfilm and in the U.K. Parliamentary Papers database which can be accessed by on-site users.
=650  \0$aEstate sales$vEarly works to 1800.
=655  \7$aBills.$2rbgenr
=700  0\$aGeorge$bIII,$cKing of Great Britain,$d1738-1820,$eformer owner.$5Uk
=700  0\$aGeorge$bIV,$cKing of Great Britain,$d1762-1830,$edonor.$5Uk
=752  \\$aGreat Britain$bEngland$dLondon.
=852  41$aBritish Library$bHMNTS$j214.i.2.(50)
=852  41$aBritish Library$bHMNTS$jB.S.Ref.2/33.(44)$qCopy at B.S.Ref.2/33.(44). Imperfect: wanting the final leaf bearing docket title.
=856  41$uhttps://parlipapers.proquest.com/parlipapers/docview/t70.d75.pb-002248?$yProquest U.K. Parliamentary Papers
=CAT  \\$a3251$b40$c20191120$lBLL01$h1333
=FIN  \\$aY$d20191120
=FMT  \\$a  BK
=LAS  \\$a3251$b40$c20191120$lBLL01$h1333
=SRC  \\$aESTC

