=LDR  01689 am a2200385   4500
=001  019617786
=003  Uk
=005  20191120144645.0
=008  791208s1768\\\\enk\\\\\\\\\\o000\0\eng\c
=035  \\$a(Uk-ES)006348653
=040  \\$aUk-ES$cUk-ES$dCU-RivES$dCStRLIN$dCU-RivES$dUk-ES$edcrmb
=110  1\$aGreat Britain.$bParliament.
=240  10$aBills. 1768-02-23
=245  13$aAn act for rectifying a mistake in the name of one of the trustees in the settlement made of the estates of the Right Honourable William Earl of Harrington, previous to his marriage with the Right Honourable Caroline Countess of Harrington, his wife.
=264  \1$a[London] :$b[s.n.],$c[1768]
=300  \\$a16 p. ;$c33 cm (2⁰)
=500  \\$aWith a docket title.
=500  \\$aEnacted: Private Acts, 8 Geo.III.c.57.
=500  \\$aCaption title.
=500  \\$aWoodcut head-piece; woodcut factotum.
=500  \\$aSignatures: A-D².
=510  4\$aESTC,$cT77850
=530  \\$aAlso available on microfilm and in the U.K. Parliamentary Papers database which can be accessed by on-site users.
=655  \7$aBills.$2rbgenr
=700  0\$aGeorge$bIII,$cKing of Great Britain,$d1738-1820,$eformer owner.$5Uk
=700  0\$aGeorge$bIV,$cKing of Great Britain,$d1762-1830,$edonor.$5Uk
=752  \\$aGreat Britain$bEngland$dLondon.
=852  41$aBritish Library$bHMNTS$jB.S.Ref.2/33.(46)
=852  41$aBritish Library$bHMNTS$j214.i.2.(51)
=856  41$uhttps://parlipapers.proquest.com/parlipapers/docview/t70.d75.pb-002250?$yProquest U.K. Parliamentary Papers
=CAT  \\$a3251$b40$c20191120$lBLL01$h1446
=FIN  \\$aY$d20191120
=FMT  \\$a  BK
=LAS  \\$a3251$b40$c20191120$lBLL01$h1446
=SRC  \\$aESTC

