=LDR  01834 am a2200385   4500
=001  019617806
=003  Uk
=005  20191120150531.0
=008  820521s1768\\\\enk\\\\\\\\\\o000\0\eng\c
=035  \\$a(Uk-ES)006348636
=040  \\$aUk-ES$cUk-ES$dCU-RivES$dCStRLIN$dCU-RivES$dUk-ES$edcrmb
=110  1\$aGreat Britain.$bParliament.
=240  10$aBills. 1768-02-18
=245  13$aAn act for the more effectually carrying into execution an act made in the sixth year of the reign of His Present Majesty, intituled, "An act for vesting in trustees the settled estate of Washington Earl Ferrers, in the county of Derby; to be sold for satisfying the incumbrances and portions affecting the same and the rest of his settled estates, and for other purposes therein mentioned."
=264  \1$a[London] :$b[s.n.],$c[1768]
=300  \\$a7, [1] p. ;$c33 cm (2⁰)
=500  \\$aWith a docket title.
=500  \\$aEnacted: Private Acts, 8 Geo.III.c.56.
=500  \\$aCaption title.
=500  \\$aWoodcut head-piece; woodcut factotum.
=500  \\$aSignatures: B-C².
=510  4\$aESTC,$cT77833
=530  \\$aAlso available on microfilm and in the U.K. Parliamentary Papers database which can be accessed by on-site users.
=655  \7$aBills.$2rbgenr
=700  0\$aGeorge$bIII,$cKing of Great Britain,$d1738-1820,$eformer owner.$5Uk
=700  0\$aGeorge$bIV,$cKing of Great Britain,$d1762-1830,$edonor.$5Uk
=752  \\$aGreat Britain$bEngland$dLondon.
=852  41$aBritish Library$bHMNTS$jB.S.Ref.2/33.(45)
=852  41$aBritish Library$bHMNTS$j214.i.2.(52)
=856  41$uhttps://parlipapers.proquest.com/parlipapers/docview/t70.d75.pb-002249?$yProquest U.K. Parliamentary Papers
=CAT  \\$a3251$b40$c20191120$lBLL01$h1505
=FIN  \\$aY$d20191120
=FMT  \\$a  BK
=LAS  \\$a3251$b40$c20191120$lBLL01$h1505
=SRC  \\$aESTC

