=LDR  01845 am a2200385   4500
=001  019617843
=003  Uk
=005  20191120155056.0
=008  790922s1768\\\\enk\\\\\\\\\\o000\0\eng\c
=035  \\$a(Uk-ES)006338554
=040  \\$aUk-ES$cUk-ES$dCStRLIN$dUk-ES$edcrmb
=110  1\$aGreat Britain.$bParliament.
=240  10$aBills. 1768-02-22
=245  13$aAn act for impowering trustees during the respective minorities of the four infant sons of Thomas Hawkins, Esquire, deceased, to make leases of estates in the county of Cornwall, to which they are successively intitled as tenants in tail under the will of Philip Hawkins, Esquire, deceased; and for other purposes therein mentioned.
=264  \1$a[London] :$b[s.n.],$c[1768]
=300  \\$a12, [2] p. ;$c33 cm (2⁰)
=500  \\$aCaption title.
=500  \\$aEnacted: Private Acts, 8 Geo.III.c.64.
=500  \\$aWith a docket title.
=500  \\$aSignatures: B-D² [chi]1.
=510  4\$aESTC,$cT67462
=530  \\$aAlso available on microfilm and in the U.K. Parliamentary Papers database which can be accessed by on-site users.
=650  \0$aHeir apparent$vEarly works to 1800.
=655  \7$aBills.$2rbgenr
=700  0\$aGeorge$bIII,$cKing of Great Britain,$d1738-1820,$eformer owner.$5Uk
=700  0\$aGeorge$bIV,$cKing of Great Britain,$d1762-1830,$edonor.$5Uk
=752  \\$aGreat Britain$bEngland$dLondon.
=852  41$aBritish Library$bHMNTS$jB.S.Ref.2/33.(53)$qCopy at B.S.Ref.2/33.(53). Imperfect: wanting the final leaf bearing docket title.
=852  41$aBritish Library$bHMNTS$j214.i.2.(54)
=856  41$uhttps://parlipapers.proquest.com/parlipapers/docview/t70.d75.pb-002257?$yProquest U.K. Parliamentary Papers
=CAT  \\$a3251$b40$c20191120$lBLL01$h1550
=FIN  \\$aY$d20191120
=FMT  \\$a  BK
=LAS  \\$a3251$b40$c20191120$lBLL01$h1550
=SRC  \\$aESTC

