=LDR  01612 am a2200385   4500
=001  019620247
=003  Uk
=005  20191121153630.0
=008  790922s1768\\\\enk\\\\\\\\\\o000\0\eng\c
=035  \\$a(Uk-ES)006338531
=040  \\$aUk-ES$cUk-ES$dCStRLIN$dUk-ES$edcrmb
=110  1\$aGreat Britain.$bParliament.
=240  10$aBills. 1767-12-07
=245  13$aAn act to dissolve the marriage of Thomas Brooke, doctor in physic, with Harriett Nelthorpe, his now wife, and to enable him to marry again; and for other purposes therein mentioned.
=264  \1$a[London] :$b[s.n.],$c[1768]
=300  \\$a4 p ;$c33 cm (2⁰)
=500  \\$aEnacted: Private Acts, 8 Geo.III.c.26.
=500  \\$aDocket title dated 1768.
=500  \\$aCaption title.
=500  \\$aSignatures: [A]².
=510  4\$aESTC,$cT67439
=530  \\$aAlso available on microfilm and in the U.K. Parliamentary Papers database which can be accessed by on-site users.
=600  10$aBrooke, Harriot$xDivorce$vEarly works to 1800.
=655  \7$aBills.$2rbgenr
=700  0\$aGeorge$bIII,$cKing of Great Britain,$d1738-1820,$eformer owner.$5Uk
=700  0\$aGeorge$bIV,$cKing of Great Britain,$d1762-1830,$edonor.$5Uk
=752  \\$aGreat Britain$bEngland$dLondon.
=852  41$aBritish Library$bHMNTS$jB.S.Ref.2/33.(18)
=852  41$aBritish Library$bHMNTS$j214.i.2.(55)
=856  41$uhttps://parlipapers.proquest.com/parlipapers/docview/t70.d75.pb-002222?$yProquest U.K. Parliamentary Papers
=CAT  \\$a3251$b40$c20191121$lBLL01$h1536
=FIN  \\$aY$d20191121
=FMT  \\$a  BK
=LAS  \\$a3251$b40$c20191121$lBLL01$h1536
=SRC  \\$aESTC

