=LDR  01677 am a2200385   4500
=001  019620266
=003  Uk
=005  20191121155320.0
=008  791208s1768\\\\enk\\\\\\\\\\o000\0\eng\c
=035  \\$a(Uk-ES)006352154
=040  \\$aUk-ES$cUk-ES$dCU-RivES$dCStRLIN$dCU-RivES$dUk-ES$edcrmb
=110  1\$aGreat Britain.$bParliament.
=240  10$aBills. 1768-01-21
=245  13$aAn act for making a building intended for a chapel lately erected by William Wright, Esquire, in the township of Stockport, and county and diocese of Chester, a perpetual cure and benefice, and for endowing the same.
=264  \1$a[London] :$b[s.n.],$c[1768]
=300  \\$a12, [2] p. ;$c33 cm (2⁰)
=500  \\$aCaption title.
=500  \\$aDocket title dated 1768.
=500  \\$aEnacted: Private Acts, 8 Geo.III.c.36.
=500  \\$aWoodcut head-piece; woodcut factotum.
=500  \\$aSignatures: A-B² C²(-C2) D².
=510  4\$aESTC,$cT81600
=530  \\$aAlso available on microfilm and in the U.K. Parliamentary Papers database which can be accessed by on-site users.
=655  \7$aBills.$2rbgenr
=700  0\$aGeorge$bIII,$cKing of Great Britain,$d1738-1820,$eformer owner.$5Uk
=700  0\$aGeorge$bIV,$cKing of Great Britain,$d1762-1830,$edonor.$5Uk
=752  \\$aGreat Britain$bEngland$dLondon.
=852  41$aBritish Library$bHMNTS$jB.S.Ref.2/33.(26)
=852  41$aBritish Library$bHMNTS$j214.i.2.(58)
=856  41$uhttps://parlipapers.proquest.com/parlipapers/docview/t70.d75.pb-002230?$yProquest U.K. Parliamentary Papers
=CAT  \\$a3251$b40$c20191121$lBLL01$h1553
=FIN  \\$aY$d20191121
=FMT  \\$a  BK
=LAS  \\$a3251$b40$c20191121$lBLL01$h1553
=SRC  \\$aESTC

