=LDR  01765 am a2200397   4500
=001  019620948
=003  Uk
=005  20191122133154.0
=008  790922s1768\\\\enk\\\\\\\\\\o000\0\eng\c
=035  \\$a(Uk-ES)006338553
=040  \\$aUk-ES$cUk-ES$dCStRLIN$dUk-ES$edcrmb
=110  1\$aGreat Britain.$bParliament.
=240  10$aBills. 1768-02-11
=245  13$aAn act to dissolve the marriage of Frederick Lord Viscount Bolingbroke with Lady Diana Spencer, his now wife, and to enable him to marry again, and for other purposes therein mentioned.
=264  \1$a[London] :$b[s.n.],$c[1768]
=300  \\$a12, [2] p. ;$c33 cm (2⁰)
=500  \\$aCaption title.
=500  \\$aEnacted: Private Acts, 8 Geo.III.c.70.
=500  \\$aDocket title dated 1768.
=500  \\$aWoodcut head-piece; woodcut factotum.
=500  \\$aSignatures: A-B² C²(-C2) D².
=510  4\$aESTC,$cT67461
=530  \\$aAlso available on microfilm and in the U.K. Parliamentary Papers database which can be accessed by on-site users.
=650  \0$aTrials (Divorce)$vEarly works to 1800.
=655  \7$aBills.$2rbgenr
=700  0\$aGeorge$bIII,$cKing of Great Britain,$d1738-1820,$eformer owner.$5Uk
=700  0\$aGeorge$bIV,$cKing of Great Britain,$d1762-1830,$edonor.$5Uk
=752  \\$aGreat Britain$bEngland$dLondon.
=852  41$aBritish Library$bHMNTS$jB.S.Ref.2/33.(58)$qCopy at B.S.Ref.2/33.(58). Imperfect: wanting the final leaf bearing docket title.
=852  41$aBritish Library$bHMNTS$j214.i.2.(57)
=856  41$uhttps://parlipapers.proquest.com/parlipapers/docview/t70.d75.pb-002262?$yProquest U.K. Parliamentary Papers
=CAT  \\$a3251$b40$c20191122$lBLL01$h1331
=FIN  \\$aY$d20191122
=FMT  \\$a  BK
=LAS  \\$a3251$b40$c20191122$lBLL01$h1331
=SRC  \\$aESTC

