=LDR  01679 am a2200361   4500
=001  019626997
=003  Uk
=005  20191128154808.0
=008  791208s1764\\\\enk\\\\\\\\\\o000\0\eng\c
=035  \\$a(Uk-ES)006339303
=040  \\$aUk-ES$cUk-ES$dCU-RivES$dCStRLIN$dCU-RivES$dUk-ES$edcrmb
=110  1\$aGreat Britain.$bParliament.
=240  10$aBills. 1764-02-15
=245  13$aAn act for vesting diverse messuages and hereditaments in the city of London, the settled estate of Elizabeth Brett, wife of Charles Brett, Esq; in the said Charles Brett and his heirs, discharged from the uses of his marriage settlement; and for settling another estate in the county of Middlesex, of greater value, in lieu thereof, to the uses limited of the said settled estate.
=264  \1$a[London] :$b[s.n.],$c[1764]
=300  \\$a9, [1] p. ;$c32 cm (2⁰)
=500  \\$aWith a docket title.
=500  \\$aEnacted: Private Acts, 4 Geo.III.c.51.
=500  \\$aCaption title.
=500  \\$aLast word in first line of text: Release,.
=500  \\$aWoodcut head-piece; woodcut factotum.
=500  \\$aSignatures: A-B² C²(-C2).
=510  4\$aESTC,$cT68225
=530  \\$aAlso available on microfilm and in the U.K. Parliamentary Papers database which can be accessed by on-site users.
=655  \7$aBills.$2rbgenr
=752  \\$aGreat Britain$bEngland$dLondon.
=852  41$aBritish Library$bHMNTS$jB.S.Ref.2/25.(45)
=856  41$uhttps://parlipapers.proquest.com/parlipapers/docview/t70.d75.pb-001898?$yProquest U.K. Parliamentary Papers
=CAT  \\$a3251$b40$c20191128$lBLL01$h1548
=FIN  \\$aY$d20191128
=FMT  \\$a  BK
=LAS  \\$a3251$b40$c20191128$lBLL01$h1548
=SRC  \\$aESTC

