=LDR  01838 am a2200397   4500
=001  019627349
=003  Uk
=005  20191129105721.0
=008  791208s1764\\\\enk\\\\\\\\\\o000\0\eng\c
=035  \\$a(Uk-ES)006339310
=040  \\$aUk-ES$cUk-ES$dCStRLIN$dUk-ES
=110  1\$aGreat Britain.$bParliament.
=240  10$aBills. 1764-02-17
=245  13$aAn act to impower the Right Honourable John, Lord Viscount Spencer, to make leases of the manor of Battersea and Wandsworth, and of land and grounds in Battersea and Wandsworth, in the county of Surry, purchased in pursuance of the will of the most noble Sarah. late Duchess Dowager of Marlborough, in order for building upon, and improving the same.
=264  \1$a[London] :$b[s.n.],$c[1764]
=300  \\$a7, [1] p. ;$c33 cm (2⁰)
=500  \\$aDocket title dated 1764.
=500  \\$aEnacted: Private Acts, 4 Geo.III.c.48.
=500  \\$aCaption title.
=500  \\$aWoodcut ornaments; woodcut factotum.
=500  \\$aA variant has "Malborough" in title and docket title.
=500  \\$aSignatures: A-B².
=510  4\$aESTC,$cT68232
=530  \\$aAlso available on microfilm and in the U.K. Parliamentary Papers database which can be accessed by on-site users.
=655  \7$aBills.$2rbgenr
=700  0\$aGeorge$bIII,$cKing of Great Britain,$d1738-1820,$eformer owner.$5Uk
=700  0\$aGeorge$bIV,$cKing of Great Britain,$d1762-1830,$edonor.$5Uk
=752  \\$aGreat Britain$bEngland$dLondon.
=852  41$aBritish Library$bHMNTS$j214.i.3.(2)
=852  41$aBritish Library$bHMNTS$jB.S.Ref.2/25.(42)
=856  41$uhttps://parlipapers.proquest.com/parlipapers/docview/t70.d75.pb-001895?$yProquest U.K. Parliamentary Papers
=CAT  \\$a3251$b40$c20191129$lBLL01$h1057
=FIN  \\$aY$d20191129
=FMT  \\$a  BK
=LAS  \\$a3251$b40$c20191129$lBLL01$h1057
=SRC  \\$aESTC

