=LDR  01754 am a2200361   4500
=001  019627448
=003  Uk
=005  20191129134052.0
=008  791208s1764\\\\enk\\\\\\\\\\o000\0\eng\c
=035  \\$a(Uk-ES)006339307
=040  \\$aUk-ES$cUk-ES$dCU-RivES$dCStRLIN$dCU-RivES$dUk-ES$edcrmb
=110  1\$aGreat Britain.$bParliament.
=240  10$aBills. 1764-02-21
=245  13$aAn act for vesting the estate late of Edmund Hungate Beaghan, Esquire, deceased, in the counties of Kent and Sussex, in trustees, in trust to sell and convey the same to Edward Louisa Mann Esquire, or as he shall apoint, pursuant to an agreement for that purpose; and for applying the money arising by such sale for the benefit of George Edmund Beaghan, his only son and heir, an infant.
=264  \1$a[London] :$b[s.n.],$c[1764]
=300  \\$a17, [1] p. ;$c32 cm (2⁰)
=500  \\$aCaption title.
=500  \\$aEnacted: Private Acts, 4 Geo.III.c.50.
=500  \\$aDocket title dated 1764.
=500  \\$aAn earlier edition with blanks on p. 14; line 9 of the drop-head title ends: "by"; and line 10 ends: "Beag-".
=500  \\$aWoodcut ornaments; woodcut factotum.
=500  \\$aSignatures: A-D² [chi]1.
=510  4\$aESTC,$cT68229
=530  \\$aAlso available on microfilm and in the U.K. Parliamentary Papers database which can be accessed by on-site users.
=655  \7$aBills.$2rbgenr
=752  \\$aGreat Britain$bEngland$dLondon.
=852  41$aBritish Library$bHMNTS$jB.S.Ref.2/25.(44)
=856  41$uhttps://parlipapers.proquest.com/parlipapers/docview/t70.d75.pb-001897?$yProquest U.K. Parliamentary Papers
=CAT  \\$a3251$b40$c20191129$lBLL01$h1340
=FIN  \\$aY$d20191129
=FMT  \\$a  BK
=LAS  \\$a3251$b40$c20191129$lBLL01$h1340
=SRC  \\$aESTC

