=LDR  01516 am a2200349   4500
=001  019632487
=003  Uk
=005  20191203104507.0
=008  791208s1764\\\\enk\\\\\\\\\\o000\0\eng\c
=035  \\$a(Uk-ES)006339308
=040  \\$aUk-ES$cUk-ES$dCU-RivES$dCStRLIN$dCU-RivES$dUk-ES$edcrmb
=110  1\$aGreat Britain.$bParliament.
=240  10$aBills. 1764-02-23
=245  13$aAn act for confirming a partition of several estates, late of Thomas Horton, in the counties of Wilts and Gloucester, between William Blanch, John Roberts, Richard Brereton, and others; and for vesting and settling the premises to the several uses therein mentioned.
=264  \1$a[London] :$b[s.n.],$c[1764]
=300  \\$a24, [2] p. ;$c32 cm (2⁰)
=500  \\$aWith a docket title.
=500  \\$aEnacted: Private Acts, 4 Geo.III.c.49.
=500  \\$aCaption title.
=500  \\$aCatchword on p.9: by.
=500  \\$aWoodcut ornaments; woodcut factotum.
=500  \\$aSignatures: A-E² F²(-F2) G².
=510  4\$aESTC,$cT68230
=530  \\$aAlso available on microfilm and in the U.K. Parliamentary Papers database which can be accessed by on-site users.
=752  \\$aGreat Britain$bEngland$dLondon.
=852  41$aBritish Library$bHMNTS$jB.S.Ref.2/25.(43)
=856  41$uhttps://parlipapers.proquest.com/parlipapers/docview/t70.d75.pb-001896?$yProquest U.K. Parliamentary Papers
=CAT  \\$a3251$b40$c20191203$lBLL01$h1045
=FIN  \\$aY$d20191203
=FMT  \\$a  BK
=LAS  \\$a3251$b40$c20191203$lBLL01$h1045
=SRC  \\$aESTC

