=LDR  01885 am a2200397   4500
=001  019632709
=003  Uk
=005  20191203153037.0
=008  791123s1764\\\\enk\\\\\\\\\\o000\0\eng\c
=035  \\$a(Uk-ES)006341832
=040  \\$aUk-ES$cUk-ES$dCU-RivES$dCStRLIN$dCU-RivES$dUk-ES$edcrmb
=110  1\$aGreat Britain.$bParliament.
=240  10$aBills. 1764-02-27
=245  13$aAn act for vesting divers manors, lands, and hereditaments, in the counties of Bedford, Dorset, and Lancaster, comprised in the marriage settlement of John Earl of Ashburnham, in him the said Earl in fee-simple, discharged of the uses and trusts of that settlement; and for substituting and settling other lands and hereditaments in the dominion of Wales in lieu thereof, and to the like uses.
=264  \1$a[London] :$b[s.n.],$c[1764]
=300  \\$a39, [1] p. ;$c33 cm (2⁰)
=500  \\$aWith a docket title.
=500  \\$aEnacted: Private Acts, 4 Geo.III.c.68.
=500  \\$aCaption title.
=500  \\$aA variant has p.38 misnumbered 8.
=500  \\$aWoodcut ornaments; woodcut factotum.
=500  \\$aSignatures: A-K².
=510  4\$aESTC,$cT70807
=530  \\$aAlso available on microfilm and in the U.K. Parliamentary Papers database which can be accessed by on-site users.
=655  \7$aBills.$2rbgenr
=700  0\$aGeorge$bIII,$cKing of Great Britain,$d1738-1820,$eformer owner.$5Uk
=700  0\$aGeorge$bIV,$cKing of Great Britain,$d1762-1830,$edonor.$5Uk
=752  \\$aGreat Britain$bEngland$dLondon.
=852  41$aBritish Library$bHMNTS$jB.S.Ref.2/26.(8)
=852  41$aBritish Library$bHMNTS$j214.i.3.(21)
=856  41$uhttps://parlipapers.proquest.com/parlipapers/docview/t70.d75.pb-003008?$yProquest U.K. Parliamentary Papers
=CAT  \\$a3251$b40$c20191203$lBLL01$h1530
=FIN  \\$aY$d20191203
=FMT  \\$a  BK
=LAS  \\$a3251$b40$c20191203$lBLL01$h1530
=SRC  \\$aESTC

