=LDR  01819 am a2200397   4500
=001  019637283
=003  Uk
=005  20191204104135.0
=008  791208s1764\\\\enk\\\\\\\\\\o000\0\eng\c
=035  \\$a(Uk-ES)006339433
=040  \\$aUk-ES$cUk-ES$dCU-RivES$dCStRLIN$dCU-RivES$dUk-ES$edcrmb
=110  1\$aGreat Britain.$bParliament.
=240  10$aBills. 1764-01-31
=245  13$aAn act for carrying into execution an agreement, between the govenors and guardians of the Hospital for the Maintenance and Education of exposed and deserted young Children, and Robert Nedham, Esquire, deceased, relating to an estate in the island of Jamaica, devised by the will of Henry Nedham, Esquire, deceased.
=264  \1$a[London] :$b[s.n.],$c[1764]
=300  \\$a11, [1] p. ;$c33 cm (2⁰)
=500  \\$aCaption title.
=500  \\$aEnacted: Private Acts, 4 Geo.III.c.25.
=500  \\$aWith a docket title.
=500  \\$aWoodcut head-piece; woodcut factotum.
=500  \\$aSignatures: A-B² D².
=510  4\$aESTC,$cT68360
=530  \\$aAlso available on microfilm and in the U.K. Parliamentary Papers database which can be accessed by on-site users.
=655  \7$aBills.$2rbgenr
=700  0\$aGeorge$bIII,$cKing of Great Britain,$d1738-1820,$eformer owner.$5Uk
=700  0\$aGeorge$bIV,$cKing of Great Britain,$d1762-1830,$edonor.$5Uk
=752  \\$aGreat Britain$bEngland$dLondon.
=852  41$aBritish Library$bHMNTS$jB.S.Ref.2/25.(22)
=852  41$aBritish Library$bHMNTS$j214.i.3.(37)
=852  41$aBritish Library$bHMNTS$jB.S.302/62.(25)
=856  41$uhttps://parlipapers.proquest.com/parlipapers/docview/t70.d75.pb-001875?$yProquest U.K. Parliamentary Papers
=CAT  \\$a3251$b40$c20191204$lBLL01$h1041
=FIN  \\$aY$d20191204
=FMT  \\$a  BK
=LAS  \\$a3251$b40$c20191204$lBLL01$h1041
=SRC  \\$aESTC

