=LDR  01470 am a2200361   4500
=001  019637307
=003  Uk
=005  20191204111626.0
=008  791208s1764\\\\enk\\\\\\\\\\o000\0\eng\c
=035  \\$a(Uk-ES)006339452
=040  \\$aUk-ES$cUk-ES$dCStRLIN$dUk-ES$edcrmb
=110  1\$aGreat Britain.$bParliament.
=240  10$aBills. 1764-02-14
=245  13$aAn act for dividing and inclosing the open and common fields, common meadows, Lammas grounds, and other commonable lands and grounds, in the parish of Fotherby, in the county of Lincoln.
=264  \1$a[London] :$b[s.n.],$c[1764]
=300  \\$a16, [2] p. ;$c32 cm (2⁰)
=500  \\$aDocket title dated 1764.
=500  \\$aEnacted: Private Acts, 4 Geo.III.c.37.
=500  \\$aCaption title.
=500  \\$aThe headpiece consists of type ornaments with a woodcut squirrel.
=500  \\$aWoodcut factotum.
=500  \\$aSignatures: A-D² [chi]1.
=510  4\$aESTC,$cT68379
=530  \\$aAlso available on microfilm and in the U.K. Parliamentary Papers database which can be accessed by on-site users.
=655  \7$aBills.$2rbgenr
=752  \\$aGreat Britain$bEngland$dLondon.
=852  41$aBritish Library$bHMNTS$jB.S.Ref.2/25.(30)
=856  41$uhttps://parlipapers.proquest.com/parlipapers/docview/t70.d75.pb-001883?$yProquest U.K. Parliamentary Papers
=CAT  \\$a3251$b40$c20191204$lBLL01$h1116
=FIN  \\$aY$d20191204
=FMT  \\$a  BK
=LAS  \\$a3251$b40$c20191204$lBLL01$h1116
=SRC  \\$aESTC

