=LDR  01593 am a2200361   4500
=001  019637381
=003  Uk
=005  20191204131258.0
=008  791208s1764\\\\enk\\\\\\\\\\o000\0\eng\c
=035  \\$a(Uk-ES)006339305
=040  \\$aUk-ES$cUk-ES$dCStRLIN$dUk-ES$edcrmb
=110  1\$aGreat Britain.$bParliament.
=240  10$aBills. 1764-02-15
=245  13$aAn act for discharging the uses and trusts of certain manors, lands, and hereditaments in the county of Norfolk, settled upon and for the benefit of William Wiggett Bulwer and Mary his wife, and their issue; and for substituting and settling other estates and hereditaments in the same county of greater value in lieu thereof for the like uses.
=264  \1$a[London] :$b[s.n.],$c[1764]
=300  \\$a28 p. ;$c32 cm (2⁰)
=500  \\$aWith a docket title.
=500  \\$aEnacted: Private Acts, 4 Geo.III.c.52.
=500  \\$aCaption title.
=500  \\$aCatchword p.5: pointment,.
=500  \\$aWoodcut head-piece; woodcut factotum.
=500  \\$aSignatures: A-G².
=510  4\$aESTC,$cT68227
=530  \\$aAlso available on microfilm and in the U.K. Parliamentary Papers database which can be accessed by on-site users.
=655  \7$aBills.$2rbgenr
=752  \\$aGreat Britain$bEngland$dLondon.
=852  41$aBritish Library$bHMNTS$jB.S.Ref.2/25.(46)
=856  41$uhttps://parlipapers.proquest.com/parlipapers/docview/t70.d75.pb-001899?$yProquest U.K. Parliamentary Papers
=CAT  \\$a3251$b40$c20191204$lBLL01$h1312
=FIN  \\$aY$d20191204
=FMT  \\$a  BK
=LAS  \\$a3251$b40$c20191204$lBLL01$h1312
=SRC  \\$aESTC

