=LDR  01704 am a2200409   4500
=001  019637467
=003  Uk
=005  20191204145757.0
=008  791208s1764\\\\enk\\\\\\\\\\o000\0\eng\c
=035  \\$a(Uk-ES)006339313
=040  \\$aUk-ES$cUk-ES$dCStRLIN$dUk-ES$edcrmb
=110  1\$aGreat Britain.$bParliament.
=240  10$aBills. 1764-02-14
=245  13$aAn act for dividing and inclosing the open and common fields of Wartnaby, in the county of Leicester, and all the lands and grounds within the same fields.
=264  \1$a[London] :$b[s.n.],$c[1764]
=300  \\$a13, [1] p. ;$c33 cm (2⁰)
=500  \\$aWith a docket title.
=500  \\$aEnacted: Private Acts, 4 Geo.III.c.15.
=500  \\$aCaption title.
=500  \\$aWoodcut head-piece; woodcut factotum.
=500  \\$aSignatures: A-C² [chi]1.
=510  4\$aESTC,$cT68235
=530  \\$aAlso available on microfilm and in the U.K. Parliamentary Papers database which can be accessed by on-site users.
=650  \0$aCommons$zEngland$zLeicestershire$vEarly works to 1800.
=655  \7$aBills.$2rbgenr
=700  0\$aGeorge$bIII,$cKing of Great Britain,$d1738-1820,$eformer owner.$5Uk
=700  0\$aGeorge$bIV,$cKing of Great Britain,$d1762-1830,$edonor.$5Uk
=752  \\$aGreat Britain$bEngland$dLondon.
=852  41$aBritish Library$bHMNTS$j214.i.3.(7)
=852  41$aBritish Library$bHMNTS$jB.S.Ref.2/25.(12)
=856  41$uhttps://parlipapers.proquest.com/parlipapers/docview/t70.d75.pb-001865?$yProquest U.K. Parliamentary Papers
=CAT  \\$a3251$b40$c20191204$lBLL01$h1455
=CAT  \\$a3251$b40$c20191204$lBLL01$h1457
=FIN  \\$aY$d20191204
=FMT  \\$a  BK
=LAS  \\$a3251$b40$c20191204$lBLL01$h1457
=SRC  \\$aESTC

