=LDR  01555 am a2200373   4500
=001  019638633
=003  Uk
=005  20191206152155.0
=008  791208s1764\\\\enk\\\\\\\\\\o000\0\eng\c
=035  \\$a(Uk-ES)006339311
=040  \\$aUk-ES$cUk-ES$dCStRLIN$dUk-ES$edcrmb
=110  1\$aGreat Britain.$bParliament.
=240  10$aBills. 1764-02-17
=245  13$aAn act for sale of the freehold and leasehold estates, late of John Tregenna, clerk, deceased, in the county of Cornwall, given and devised by his will in trust for his children; and for paying and applying the money to arise by such sales in manner therein mentioned.
=264  \1$a[London] :$b[s.n.],$c[1764]
=300  \\$a15, [1] p. ;$c32 cm (2⁰)
=500  \\$aDocket title dated 1764.
=500  \\$aEnacted: Private Acts, 4 Geo.III.c.27.
=500  \\$aCaption title.
=500  \\$aWith blanks.
=500  \\$aCatchword p.13: Authority.
=500  \\$aWoodcut head-piece; woodcut factotum.
=500  \\$aSignatures: A-D².
=510  4\$aESTC,$cT68233
=530  \\$aAlso available on microfilm and in the U.K. Parliamentary Papers database which can be accessed by on-site users.
=655  \7$aBills.$2rbgenr
=752  \\$aGreat Britain$bEngland$dLondon.
=852  41$aBritish Library$bHMNTS$jB.S.Ref.2/25.(24)
=856  41$uhttps://parlipapers.proquest.com/parlipapers/docview/t70.d75.pb-001877?$yProquest U.K. Parliamentary Papers
=CAT  \\$a3251$b40$c20191206$lBLL01$h1521
=FIN  \\$aY$d20191206
=FMT  \\$a  BK
=LAS  \\$a3251$b40$c20191206$lBLL01$h1521
=SRC  \\$aESTC

