=LDR  01629 am a2200385   4500
=001  019638639
=003  Uk
=005  20191206160138.0
=008  791208s1764\\\\enk\\\\\\\\\\o000\0\eng\c
=035  \\$a(Uk-ES)006339440
=040  \\$aUk-ES$cUk-ES$dCStRLIN$dUk-ES$edcrmb
=110  1\$aGreat Britain.$bParliament.
=240  10$aBills. 1764-03-06
=245  13$aAn act for dividing and inclosing a waste ground, called the Marsh, in the township of Newport, in the county of Salop; and for applying the produce thereof to the several purposes therein mentioned.
=264  \1$a[London] :$b[s.n.],$c[1764]
=300  \\$a8, [2] p. ;$c33 cm (2⁰)
=500  \\$aWith a docket title.
=500  \\$aEnacted: Private Acts, 4 Geo.III.c.59.
=500  \\$aCaption title.
=500  \\$aWoodcut head-piece; woodcut factotum.
=500  \\$aSignatures: A-B² [chi]1.
=510  4\$aESTC,$cT68367
=530  \\$aAlso available on microfilm and in the U.K. Parliamentary Papers database which can be accessed by on-site users.
=655  \7$aBills.$2rbgenr
=700  0\$aGeorge$bIII,$cKing of Great Britain,$d1738-1820,$eformer owner.$5Uk
=700  0\$aGeorge$bIV,$cKing of Great Britain,$d1762-1830,$edonor.$5Uk
=752  \\$aGreat Britain$bEngland$dLondon.
=852  41$aBritish Library$bHMNTS$jB.S.Ref.2/25.(50)
=852  41$aBritish Library$bHMNTS$j214.i.3.(11)
=856  41$uhttps://parlipapers.proquest.com/parlipapers/docview/t70.d75.pb-001903?$yProquest U.K. Parliamentary Papers
=CAT  \\$a3251$b40$c20191206$lBLL01$h1601
=FIN  \\$aY$d20191206
=FMT  \\$a  BK
=LAS  \\$a3251$b40$c20191206$lBLL01$h1601
=SRC  \\$aESTC

