=LDR  01625 am a2200397   4500
=001  019643692
=003  Uk
=005  20191211122825.0
=008  791208s1764\\\\enk\\\\\\\\\\o000\0\eng\c
=035  \\$a(Uk-ES)006339444
=040  \\$aUk-ES$cUk-ES$dCStRLIN$dUk-ES$edcrmb
=110  1\$aGreat Britain.$bParliament.
=240  10$aBills. 1764-02-21
=245  13$aAn act for dividing and inclosing the common and open fields and commonable places of Sharnford, in the county of Leicester.
=264  \1$a[London] :$b[s.n.],$c[1764]
=300  \\$a25, [1] p. ;$c33 cm (2⁰)
=500  \\$aWith a docket title.
=500  \\$aEnacted: Private Acts, 4 Geo.III.c.35.
=500  \\$aCaption title.
=500  \\$aWoodcut ornaments; woodcut factotum.
=500  \\$aSignatures: A-F² [chi]1.
=510  4\$aESTC,$cT68371
=530  \\$aAlso available on microfilm and in the U.K. Parliamentary Papers database which can be accessed by on-site users.
=650  \0$aCommons$zEngland$zLeicestershire$vEarly works to 1800.
=655  \7$aBills.$2rbgenr
=700  0\$aGeorge$bIII,$cKing of Great Britain,$d1738-1820,$eformer owner.$5Uk
=700  0\$aGeorge$bIV,$cKing of Great Britain,$d1762-1830,$edonor.$5Uk
=752  \\$aGreat Britain$bEngland$dLondon.
=852  41$aBritish Library$bHMNTS$jB.S.Ref.2/25.(28)
=852  41$aBritish Library$bHMNTS$j214.i.3.(13)
=856  41$uhttps://parlipapers.proquest.com/parlipapers/docview/t70.d75.pb-001881?$yProquest U.K. Parliamentary Papers
=CAT  \\$a3251$b40$c20191211$lBLL01$h1228
=FIN  \\$aY$d20191211
=FMT  \\$a  BK
=LAS  \\$a3251$b40$c20191211$lBLL01$h1228
=SRC  \\$aESTC

