=LDR  01912 am a2200433   4500
=001  019643700
=003  Uk
=005  20191211125347.0
=008  791208s1764\\\\enk\\\\\\\\\\o000\0\eng\c
=035  \\$a(Uk-ES)006351679
=040  \\$aUk-ES$cUk-ES$dCU-RivES$dCStRLIN$dCU-RivES$dUk-ES$edcrmb
=110  1\$aGreat Britain.$bParliament.
=240  10$aBills. 1764-03-19
=245  13$aAn act for dividing and inclosing the open and common field, common meadows, common pastures, common grounds, and commonable lands, lying within the township, hamlets, and liberties of Warkworth, in the county of Northampton.
=264  \1$a[London] :$b[s.n.],$c[1764]
=300  \\$a28 p. ;$c33 cm (2⁰)
=500  \\$aDocket title dated 1764.
=500  \\$aEnacted: Private Acts, 4 Geo.III.c.67.
=500  \\$aCaption title.
=500  \\$aWoodcut head-piece; woodcut factotum.
=500  \\$aSignatures: A-G².
=510  4\$aESTC,$cT81078
=530  \\$aAlso available on microfilm and in the U.K. Parliamentary Papers database which can be accessed by on-site users.
=650  \0$aInclosures$zEngland$zNorthamptonshire$vEarly works to 1800.
=650  \0$aCommons$zEngland$zNorthamptonshire$vEarly works to 1800.
=655  \7$aBills.$2rbgenr
=700  0\$aGeorge$bIII,$cKing of Great Britain,$d1738-1820,$eformer owner.$5Uk
=700  0\$aGeorge$bIV,$cKing of Great Britain,$d1762-1830,$edonor.$5Uk
=752  \\$aGreat Britain$bEngland$dLondon.
=852  41$aBritish Library$bHMNTS$jB.S.Ref.2/26.(7)
=852  41$aBritish Library$bHMNTS$j214.i.3.(15)
=856  41$uhttps://parlipapers.proquest.com/parlipapers/docview/t70.d75.pb-001835?$yProquest U.K. Parliamentary Papers
=CAT  \\$a3251$b40$c20191211$lBLL01$h1247
=CAT  \\$a3251$b40$c20191211$lBLL01$h1252
=CAT  \\$a3251$b40$c20191211$lBLL01$h1253
=FIN  \\$aY$d20191211
=FMT  \\$a  BK
=LAS  \\$a3251$b40$c20191211$lBLL01$h1253
=SRC  \\$aESTC

