=LDR  01690 am a2200409   4500
=001  019643708
=003  Uk
=005  20191211130543.0
=008  791208s1764\\\\enk\\\\\\\\\\o000\0\eng\c
=035  \\$a(Uk-ES)006339473
=040  \\$aUk-ES$cUk-ES$dCStRLIN$dUk-ES$edcrmb
=110  1\$aGreat Britain.$bParliament.
=240  10$aBills. 1764-01-19
=245  13$aAn act for dividing and inclosing the common fields, common and waste grounds, in the parish of Searby in the county of Lincoln.
=264  \1$a[London] :$b[s.n.],$c[1764]
=300  \\$a15, [1] p. ;$c33 cm (2⁰)
=500  \\$aWith a docket title.
=500  \\$aEnacted: Private Acts, 4 Geo.III.c.8.
=500  \\$aCaption title.
=500  \\$aWoodcut ornaments; woodcut factotum.
=500  \\$aSignatures: A-D².
=510  4\$aESTC,$cT68400
=530  \\$aAlso available on microfilm and in the U.K. Parliamentary Papers database which can be accessed by on-site users.
=650  \0$aInclosures$zEngland$zLincolnshire$vEarly works to 1800.
=650  \0$aCommons$zEngland$zLincolnshire$vEarly works to 1800.
=655  \7$aBills.$2rbgenr
=700  0\$aGeorge$bIII,$cKing of Great Britain,$d1738-1820,$eformer owner.$5Uk
=700  0\$aGeorge$bIV,$cKing of Great Britain,$d1762-1830,$edonor.$5Uk
=752  \\$aGreat Britain$bEngland$dLondon.
=852  41$aBritish Library$bHMNTS$jB.S.Ref.2/25.(4)
=852  41$aBritish Library$bHMNTS$j214.i.3.(16)
=856  41$uhttps://parlipapers.proquest.com/parlipapers/docview/t70.d75.pb-001857?$yProquest U.K. Parliamentary Papers
=CAT  \\$a3251$b40$c20191211$lBLL01$h1305
=FIN  \\$aY$d20191211
=FMT  \\$a  BK
=LAS  \\$a3251$b40$c20191211$lBLL01$h1305
=SRC  \\$aESTC

