=LDR  01708 am a2200385   4500
=001  019644251
=003  Uk
=005  20191212104134.0
=008  791208s1763\\\\enk\\\\\\\\\\o000\0\eng\c
=035  \\$a(Uk-ES)006339429
=040  \\$aUk-ES$cUk-ES$dCU-RivES$dCStRLIN$dCU-RivES$dUk-ES$edcrmb
=110  1\$aGreat Britain.$bParliament.
=240  10$aBills. 1763-12-15
=245  13$aAn act for establishing and carrying into execution certain articles of agreement therein mentioned; and for a division of certain real estates in the county of York, late of Sir Hungerford Bland, Baronet, deceased; and for other purposes therein mentioned.
=264  \1$a[London] :$b[s.n.],$c[1763]
=300  \\$a25, [1] p. ;$c33 cm (2⁰)
=500  \\$aWith a docket title.
=500  \\$aEnacted: Private Acts, 4 Geo.III.c.23.
=500  \\$aCaption title.
=500  \\$aWoodcut head-piece; woodcut factotum.
=500  \\$aSignatures: A-F² [chi]1.
=510  4\$aESTC,$cT68356
=530  \\$aAlso available on microfilm and in the U.K. Parliamentary Papers database which can be accessed by on-site users.
=655  \7$aBills.$2rbgenr
=700  0\$aGeorge$bIII,$cKing of Great Britain,$d1738-1820,$eformer owner.$5Uk
=700  0\$aGeorge$bIV,$cKing of Great Britain,$d1762-1830,$edonor.$5Uk
=752  \\$aGreat Britain$bEngland$dLondon.
=852  41$aBritish Library$bHMNTS$jB.S.Ref.2/25.(20)
=852  41$aBritish Library$bHMNTS$j214.i.3.(20)
=856  41$uhttps://parlipapers.proquest.com/parlipapers/docview/t70.d75.pb-001873?$yProquest U.K. Parliamentary Papers
=CAT  \\$a3251$b40$c20191212$lBLL01$h1041
=FIN  \\$aY$d20191212
=FMT  \\$a  BK
=LAS  \\$a3251$b40$c20191212$lBLL01$h1041
=SRC  \\$aESTC

