=LDR  01860 am a2200397   4500
=001  019644274
=003  Uk
=005  20191212110901.0
=008  791208s1764\\\\enk\\\\\\\\\\o000\0\eng\c
=035  \\$a(Uk-ES)006339437
=040  \\$aUk-ES$cUk-ES$dCStRLIN$dUk-ES$edcrmb
=110  1\$aGreat Britain.$bParliament.
=240  10$aBills. 1764-03-16
=245  13$aAn act for enabling Lucy Knightley, Esquire, to inclose several open and common fields in the parish of Haversham, in the county of Bucks; and for vesting certain glebe lands, and the tithes belonging to the rectory of Haversham aforesaid, in the said Lucy Knightley and his heirs; and for making a compensation to the rector of the said parish in lieu thereof.
=264  \1$a[London] :$b[s.n.],$c[1764]
=300  \\$a6, [2] p. ;$c33 cm (2⁰)
=500  \\$aDocket title dated 1764.
=500  \\$aEnacted: Private Acts, 4 Geo.III.c.60.
=500  \\$aCaption title.
=500  \\$aWoodcut head-piece; woodcut factotum.
=500  \\$aSignatures: A-B².
=510  4\$aESTC,$cT68364
=530  \\$aAlso available on microfilm and in the U.K. Parliamentary Papers database which can be accessed by on-site users.
=650  \0$aCommons$zEngland$zBuckinghanshire$vEarly works to 1800.
=655  \7$aBills.$2rbgenr
=700  0\$aGeorge$bIII,$cKing of Great Britain,$d1738-1820,$eformer owner.$5Uk
=700  0\$aGeorge$bIV,$cKing of Great Britain,$d1762-1830,$edonor.$5Uk
=752  \\$aGreat Britain$bEngland$dLondon.
=852  41$aBritish Library$bHMNTS$j214.i.3.(22)
=852  41$aBritish Library$bHMNTS$jB.S.Ref.2/25.(51)
=856  41$uhttps://parlipapers.proquest.com/parlipapers/docview/t70.d75.pb-001904?$yProquest U.K. Parliamentary Papers
=CAT  \\$a3251$b40$c20191212$lBLL01$h1109
=FIN  \\$aY$d20191212
=FMT  \\$a  BK
=LAS  \\$a3251$b40$c20191212$lBLL01$h1109
=SRC  \\$aESTC

