=LDR  01471 am a2200349   4500
=001  019667776
=003  Uk
=005  20200108130207.0
=008  791123s1764\\\\enk\\\\\\\\\\o000\0\eng\c
=035  \\$a(Uk-ES)006341834
=040  \\$aUk-ES$cUk-ES$dCStRLIN$dUk-ES$edcrmb
=110  1\$aGreat Britain.$bParliament.
=240  10$aBills. 1764-02-09
=245  12$aA bill for vesting lands and hereditaments in Great Britain and Ireland, part of the estate of James late Earl of Barrymore, in trustees, for raising money towards paying and discharging the debts and incumbrances affecting his real estates.
=264  \1$a[London] :$b[s.n.],$c[1764]
=300  \\$a25, [1] p. ;$c32 cm (2⁰)
=500  \\$aWith a docket title.
=500  \\$aEnacted: Private Acts, 4 Geo.III.c.70.
=500  \\$aCaption title.
=500  \\$aWoodcut head-piece; woodcut factotum.
=500  \\$aSignatures: A-E² [F]² [G]²(-[G]2).
=510  4\$aESTC,$cT70809
=530  \\$aAlso available on microfilm and in the U.K. Parliamentary Papers database which can be accessed by on-site users.
=655  \7$aBills.$2rbgenr
=752  \\$aGreat Britain$bEngland$dLondon.
=852  41$aBritish Library$bHMNTS$jB.S.Ref.2/26.(10)
=856  41$uhttps://parlipapers.proquest.com/parlipapers/docview/t70.d75.pb-001838?$yProquest U.K. Parliamentary Papers
=CAT  \\$a3251$b40$c20200108$lBLL01$h1302
=FIN  \\$aY$d20200108
=FMT  \\$a  BK
=LAS  \\$a3251$b40$c20200108$lBLL01$h1302
=SRC  \\$aESTC

