=LDR  01735 am a2200385   4500
=001  019667819
=003  Uk
=005  20200108133328.0
=008  791208s1764\\\\enk\\\\\\\\\\o000\0\eng\c
=035  \\$a(Uk-ES)006339434
=040  \\$aUk-ES$cUk-ES$dCU-RivES$dCStRLIN$dUk-ES$edcrmb
=110  1\$aGreat Britain.$bParliament.
=240  10$aBills. 1764-02-03
=245  13$aAn act for impowering the committee or committees for the time being of the estate of John Newport, Esquire, a lunatick, to make leases of his estates during his lunacy.
=264  \1$a[London] :$b[s.n.],$c[1764]
=300  \\$a7, [1] p. ;$c33 cm (2⁰)
=500  \\$aEnacted: Private Acts, 4 Geo.III.c.24.
=500  \\$aCaption title.
=500  \\$aDocket title: 'An act for impowering the committee of the estates of John Newport, Esquire, a lunatick, to make leases of his estates during his lunacy.'
=500  \\$aWoodcut head-piece; woodcut factotum.
=500  \\$aSignatures: A-B².
=510  4\$aESTC,$cT68361
=530  \\$aAlso available on microfilm and in the U.K. Parliamentary Papers database which can be accessed by on-site users.
=655  \7$aBills.$2rbgenr
=700  0\$aGeorge$bIII,$cKing of Great Britain,$d1738-1820,$eformer owner.$5Uk
=700  0\$aGeorge$bIV,$cKing of Great Britain,$d1762-1830,$edonor.$5Uk
=752  \\$aGreat Britain$bEngland$dLondon.
=852  41$aBritish Library$bHMNTS$jB.S.Ref.2/25.(21)
=852  41$aBritish Library$bHMNTS$j214.i.3.(26)
=856  41$uhttps://parlipapers.proquest.com/parlipapers/docview/t70.d75.pb-001874?$yProquest U.K. Parliamentary Papers
=CAT  \\$a3251$b40$c20200108$lBLL01$h1333
=FIN  \\$aY$d20200108
=FMT  \\$a  BK
=LAS  \\$a3251$b40$c20200108$lBLL01$h1333
=SRC  \\$aESTC

