=LDR  01581 am a2200361   4500
=001  019667950
=003  Uk
=005  20200108150106.0
=008  820521s1764\\\\enk\\\\\\\\\\o000\0\eng\c
=035  \\$a(Uk-ES)006341836
=040  \\$aUk-ES$cUk-ES$dCStRLIN$dUk-ES$edcrmb
=110  1\$aGreat Britain.$bParliament.
=240  10$aBills. 1764-03-21
=245  13$aAn act for vesting certain messuages, lands, tenements, and hereditaments, in the town and county of Northampton, devised by the will of Edward Bayly, deceased, in trustees, to be sold; and for laying out the money arising by such sale in the purchase of other lands to be settled to the like uses.
=264  \1$a[London] :$b[s.n.],$c[1764]
=300  \\$a8 p. ;$c32 cm (2⁰)
=500  \\$aDocket title dated 1764.
=500  \\$aCaption title.
=500  \\$aEnacted: Private Acts, 4 Geo.III.c.79.
=500  \\$aWoodcut head-piece; woodcut factotum.
=500  \\$aThe headpiece consists of type ornaments with a squirrel.
=500  \\$aSignatures: A-B².
=510  4\$aESTC,$cT70811
=530  \\$aAlso available on microfilm and in the U.K. Parliamentary Papers database which can be accessed by on-site users.
=655  \7$aBills.$2rbgenr
=752  \\$aGreat Britain$bEngland$dLondon.
=852  41$aBritish Library$bHMNTS$jB.S.Ref.2/26.(20)
=856  41$uhttps://parlipapers.proquest.com/parlipapers/docview/t70.d75.pb-001848?$yProquest U.K. Parliamentary Papers
=CAT  \\$a3251$b40$c20200108$lBLL01$h1501
=FIN  \\$aY$d20200108
=FMT  \\$a  BK
=LAS  \\$a3251$b40$c20200108$lBLL01$h1501
=SRC  \\$aESTC

