=LDR  01644 am a2200397   4500
=001  019679431
=003  Uk
=005  20200120145007.0
=008  791123s1764\\\\enk\\\\\\\\\\o000\0\eng\c
=035  \\$a(Uk-ES)006341837
=040  \\$aUk-ES$cUk-ES$dCStRLIN$dUk-ES$dUk-ES$edcrmb
=110  1\$aGreat Britain.$bParliament.
=240  10$aBills. 1764-03-01
=245  13$aAn act to dissolve the marriage of John Weller, Esq; with Charlotte Wilson, his now wife, and to enable hime to marry again; and for other purposes therein mentioned,
=264  \1$a[London] :$b[s.n.],$c[1764]
=300  \\$a3, [1] p. ;$c33 cm (2⁰)
=500  \\$aWith a docket title.
=500  \\$aEnacted: Private Acts, 4 Geo.III.c.80.
=500  \\$aCaption title.
=500  \\$aWoodcut head-piece; woodcut factotum.
=500  \\$aSignatures: [A]².
=510  4\$aESTC,$cT70812
=530  \\$aAlso available on microfilm and in the U.K. Parliamentary Papers database which can be accessed by on-site users.
=655  \7$aBills.$2rgbenr
=700  0\$aGeorge$bIII,$cKing of Great Britain,$d1738-1820,$eformer owner.$5Uk
=700  0\$aGeorge$bIV,$cKing of Great Britain,$d1762-1830,$edonor.$5Uk
=752  \\$aGreat Britain$bEngland$dLondon.
=852  41$aBritish Library$bHMNTS$jB.S.Ref.2/26.(21)
=852  41$aBritish Library$bHMNTS$j214.i.3.(29)
=856  41$uhttps://parlipapers.proquest.com/parlipapers/docview/t70.d75.pb-001849?$yProquest U.K. Parliamentary Papers
=CAT  \\$a3251$b40$c20200120$lBLL01$h1023
=CAT  \\$a3251$b40$c20200120$lBLL01$h1450
=FIN  \\$aY$d20200120
=FMT  \\$a  BK
=LAS  \\$a3251$b40$c20200120$lBLL01$h1450
=SRC  \\$aESTC

