=LDR  01508 am a2200349   4500
=001  019679825
=003  Uk
=005  20200120150327.0
=008  791123s1764\\\\enk\\\\\\\\\\o000\0\eng\c
=035  \\$a(Uk-ES)006341835
=040  \\$aUk-ES$cUk-ES$dCU-RivES$dCStRLIN$dCU-RivES$dUK-ES$edcrmb
=110  1\$aGreat Britain.$bParliament.
=240  10$aBills. 1764-03-08
=245  12$aA bill for settling the estate of Henrietta Rosa Peregrina Townsend, wife of James Townsend, Esquire, according to certain articles of agreement executed before her intermarriage with the said James Townsend, but subject to the charges and incumbrances affecting the same.
=264  \1$a[London] :$b[s.n.],$c[1764]
=300  \\$a32, [2] p. ;$c32cm (2⁰)
=500  \\$aWith a docket title.
=500  \\$aEnacted: Private Acts, 4 Geo.III.c.71.
=500  \\$aCaption title.
=500  \\$aWoodcut ornaments; woodcut factotum.
=500  \\$aSignatures: A-H² [chi]1.
=510  4\$aESTC,$cT70810
=530  \\$aAlso available on microfilm and in the U.K. Parliamentary Papers database which can be accessed by on-site users.
=655  \7$aBills.$2rbgenr
=752  \\$aGreat Britain$bEngland$dLondon.
=852  41$aBritish Library$bHMNTS$jB.S.Ref.2/26.(11)
=856  41$uhttps://parlipapers.proquest.com/parlipapers/docview/t70.d75.pb-001839?$yProquest U.K. Parliamentary Papers
=CAT  \\$a3251$b40$c20200120$lBLL01$h1503
=FIN  \\$aY$d20200120
=FMT  \\$a  BK
=LAS  \\$a3251$b40$c20200120$lBLL01$h1503
=SRC  \\$aESTC

