=LDR  01722 am a2200385   4500
=001  019699031
=003  Uk
=005  20200204122131.0
=008  791208s1764\\\\enk\\\\\\\\\\o000\0\eng\c
=035  \\$a(Uk-ES)006351683
=040  \\$aUk-ES$cUk-ES$dCU-RivES$dCStRLIN$dCU-RivES$dUk-ES$edcrmb
=110  1\$aGreat Britain.$bParliament.
=240  10$aBills. 1764-03-20
=245  13$aAn act for enlarging the charitable uses, extending the objects, and regulating the application of the rents and profits of the estates given by Sir William Harpur, Knt. and Dame Alice his wife, for the benefit of the poor, and other objects of charity, of the town of Bedford.
=264  \1$a[London] :$b[s.n.],$c[1764]
=300  \\$a26, [2] p. ;$c33 cm (2⁰)
=500  \\$aWith a docket title.
=500  \\$aEnacted: Private Acts, 4 Geo.III.c.72.
=500  \\$aCaption title.
=500  \\$aPrinters' ornaments; woodcut factotum.
=500  \\$aSignatures: A-G².
=510  4\$aESTC,$cT81082
=530  \\$aAlso available on microfilm and in the U.K. Parliamentary Papers database which can be accessed by on-site users.
=655  \7$aBills.$2rbgenr
=700  0\$aGeorge$bIII,$cKing of Great Britain,$d1738-1820,$eformer owner.$5Uk
=700  0\$aGeorge$bIV,$cKing of Great Britain,$d1762-1830,$edonor.$5Uk
=752  \\$aGreat Britain$bEngland$dLondon.
=852  41$aBritish Library$bHMNTS$jB.S.Ref.2/26.(12)
=852  41$aBritish Library$bHMNTS$j214.i.3.(31)
=856  41$uhttps://parlipapers.proquest.com/parlipapers/docview/t70.d75.pb-001840?$yProquest U.K. Parliamentary Papers
=CAT  \\$a3251$b40$c20200204$lBLL01$h1221
=FIN  \\$aY$d20200204
=FMT  \\$a  BK
=LAS  \\$a3251$b40$c20200204$lBLL01$h1221
=SRC  \\$aESTC

