=LDR  01459 am a2200349   4500
=001  019699045
=003  Uk
=005  20200204125443.0
=008  791208s1764\\\\enk\\\\\\\\\\o000\0\eng\c
=035  \\$a(Uk-ES)006339436
=040  \\$aUk-ES$cUk-ES$dCStRLIN$dUk-ES$edcrmb
=110  1\$aGreat Britain.$bParliament.
=240  10$aBills. 1764-02-28
=245  12$aA bill for vesting the settled estate of William Young Esquire, in the county of Wilts, in trustees, to be sold; and for laying out the money arising thereby in the purchase of other hereditaments of greater value, to be settled in lieu thereof.
=264  \1$a[London] :$b[s.n.],$c[1764]
=300  \\$a7, [1] p. ;$c32 cm (2⁰)
=500  \\$aWith a docket title.
=500  \\$aEnacted: Private Acts, 4 Geo.III.c.54.
=500  \\$aCaption title.
=500  \\$aWoodcut head-piece; woodcut factotum.
=500  \\$aSignatures: [A]² B².
=510  4\$aESTC,$cT68363
=530  \\$aAlso available on microfilm and in the U.K. Parliamentary Papers database which can be accessed by on-site users.
=655  \7$aBills.$2rbgenr
=752  \\$aGreat Britain$bEngland$dLondon.
=852  41$aBritish Library$bHMNTS$jB.S.Ref.2/25.(48)
=856  41$uhttps://parlipapers.proquest.com/parlipapers/docview/t70.d75.pb-001901?$yProquest U.K. Parliamentary Papers
=CAT  \\$a3251$b40$c20200204$lBLL01$h1254
=FIN  \\$aY$d20200204
=FMT  \\$a  BK
=LAS  \\$a3251$b40$c20200204$lBLL01$h1254
=SRC  \\$aESTC

