=LDR  01750 am a2200409   4500
=001  019699050
=003  Uk
=005  20200204132541.0
=008  791208s1764\\\\enk\\\\\\\\\\o000\0\eng\c
=035  \\$a(Uk-ES)006351682
=040  \\$aUk-ES$cUk-ES$dCU-RivES$dCStRLIN$dCU-RivES$dUk-ES$edcrmb
=110  1\$aGreat Britain.$bParliament.
=240  10$aBills. 1764-03-19
=245  13$aAn act for dividing and inclosing the common fields, common meadows, and common pastures, in the parish of Nether Broughton, in the county of Leicester.
=264  \1$a[London] :$b[s.n.],$c[1764]
=300  \\$a17, [1] p. ;$c33 cm (2⁰)
=500  \\$aDocket title dated 1764.
=500  \\$aEnacted: Private Acts, 4 Geo.III.c.62.
=500  \\$aCaption title.
=500  \\$aWoodcut head-piece; woodcut factotm.
=500  \\$aSignatures: A-D² [chi]1.
=510  4\$aESTC,$cT81081
=530  \\$aAlso available on microfilm and in the U.K. Parliamentary Papers database which can be accessed by on-site users.
=650  \0$aInclosures$zEngland$zLeicestershire$vEarly works to 1800.
=650  \0$aCommons$zEngland$zLeicestershire$vEarly works to 1800.
=655  \7$aBills.$2rbgenr
=700  0\$aGeorge$bIII,$cKing of Great Britain,$d1738-1820,$eformer owner.$5Uk
=700  0\$aGeorge$bIV,$cKing of Great Britain,$d1762-1830,$edonor.$5Uk
=752  \\$aGreat Britain$bEngland$dLondon.
=852  41$aBritish Library$bHMNTS$jB.S.Ref.2/26.(2)
=852  41$aBritish Library$bHMNTS$j214.i.3.(33)
=856  41$uhttps://parlipapers.proquest.com/parlipapers/docview/t70.d75.pb-001830?$yProquest U.K. Parliamentary Papers
=CAT  \\$a3251$b40$c20200204$lBLL01$h1325
=FIN  \\$aY$d20200204
=FMT  \\$a  BK
=LAS  \\$a3251$b40$c20200204$lBLL01$h1325
=SRC  \\$aESTC

