=LDR  02042 am a2200373   4500
=001  019705440
=003  Uk
=005  20201013150435.0
=008  791208s1764\\\\enk\\\\\\\\\\o000\0\eng\c
=035  \\$a(Uk-ES)006351681
=040  \\$aUk-ES$cUk-ES$dCU-RivES$dCStRLIN$dCU-RivES$dUK-ES$edcrmb
=110  1\$aGreat Britain.$bParliament.
=240  10$aBills. 1764-03-19
=245  13$aAn act to enable the Mayor and aldermen of the town of Saffron Walden in the county of Essex, the guardians or trustees of King Edward the Sixth's alms-house there, and other feofees thereof, to convey part of the lands, revenues, and possessions of the said alms-house to Sir John Griffin Griffin and his heirs, in exchange for other lands of greater value, to be conveyed to and held by them to the uses and upon the trusts therein mentioned; and for vesting part of the lands of Thomas Fuller, an infant, in Saffron Walden aforesaid, in the said Sir John Griffin Griffin and his heirs, in exhange for other lands of greater value, to be conveyed to the said infant and his heirs; and of other purposes therein mentioned.
=264  \1$a[London] :$b[s.n.],$c[1764]
=300  \\$a15, [1] p. ;$c33 cm (2⁰)
=500  \\$aDocket title dated 1764.
=500  \\$aEnacted: Private Acts, 4 Geo.III.c.78.
=500  \\$aCaption title.
=500  \\$aCatchword p.9: and.
=500  \\$aPrinters ornaments; woodcut factotum.
=500  \\$aSignatures: A-D².
=510  4\$aESTC,$cT81080
=530  \\$aAlso available on microfilm and in the U.K. Parliamentary Papers database which can be accessed by on-site users.
=655  \7$aBills.$2rbgenr
=752  \\$aGreat Britain$bEngland$dLondon.
=852  41$aBritish Library$bHMNTS$jB.S.Ref.2/26.(18)
=856  41$uhttps://parlipapers.proquest.com/parlipapers/docview/t70.d75.pb-001846?$yProquest U.K. Parliamentary Papers
=CAT  \\$a3251$b40$c20200205$lBLL01$h1047
=CAT  \\$a3251$b40$c20201013$lBLL01$h1504
=FIN  \\$aY$d20200205
=FMT  \\$a  BK
=LAS  \\$a3251$b40$c20201013$lBLL01$h1504
=SRC  \\$aESTC

