=LDR  01743 am a2200409   4500
=001  019705546
=003  Uk
=005  20200205130421.0
=008  791208s1764\\\\enk||||\\\\\\o00||||eng\c
=035  \\$a(Uk-ES)006339442
=040  \\$aUk-ES$cUk-ES$dCStRLIN$dUk-ES$edcrmb
=110  1\$aGreat Britain.$bParliament.
=240  10$aBills. 1764-03-02
=245  13$aAn act for dividing and inclosing the common fields, common pastures, common meadows, common grounds, and waste grounds, of and in the manor and parish of Newnham, in the county of Northampton.
=264  \1$a[London] :$b[s.n.],$c[1764]
=300  \\$a24 p. ;$c33 cm (2⁰)
=500  \\$aWith a docket title.
=500  \\$aEnacted: Private Acts, 4 Geo.III.c.42.
=500  \\$aCaption title.
=500  \\$aA variant has pp.21, 24 misnumbered 3, 2.
=500  \\$aPrinters ornaments; woodcut factotum.
=500  \\$aSignatures: A-F².
=510  4\$aESTC,$cT68369
=530  \\$aAlso available on microfilm and in the U.K. Parliamentary Papers database which can be accessed by on-site users.
=650  \0$aCommons$zEngland$zNorthamptonshire$vEarly works to 1800.
=655  \7$aBills.$2rbgenr
=700  0\$aGeorge$bIII,$cKing of Great Britain,$d1738-1820,$eformer owner.$5Uk
=700  0\$aGeorge$bIV,$cKing of Great Britain,$d1762-1830,$edonor.$5Uk
=752  \\$aGreat Britain$bEngland$dLondon.
=852  41$aBritish Library$bHMNTS$jB.S.Ref.2/25.(36)
=852  41$aBritish Library$bHMNTS$j214.i.3.(39)
=856  41$uhttps://parlipapers.proquest.com/parlipapers/docview/t70.d75.pb-001889?$yProquest U.K. Parliamentary Papers
=CAT  \\$a3251$b40$c20200205$lBLL01$h1304
=FIN  \\$aY$d20200205
=FMT  \\$a  BK
=LAS  \\$a3251$b40$c20200205$lBLL01$h1304
=SRC  \\$aESTC

