=LDR  01859 am a2200397   4500
=001  019705685
=003  Uk
=005  20200205153638.0
=008  791208s1764\\\\enk\\\\\\\\\\o000\0\eng\c
=035  \\$a(Uk-ES)006339460
=040  \\$aUk-ES$cUk-ES$dCStRLIN$dUK-ES$edcrmb
=110  1\$aGreat Britain.$bParliament.
=240  10$aBills. 1764-02-09
=245  13$aAn act for inclosing and dividing so much of the moor or common called Badley Moor, as lies within the manors of North-Tuddenham, alias Saint Cleres, Mattishall Tuddenham, on the part of North-Tuddenham, and Bell-house Hall, and in the parish of North-Tuddenham, in the county of Norfolk; and certain other commons and wastes within the said manors and parish.
=264  \1$a[London] :$b[s.n.],$c[1764]
=300  \\$a14 p. ;$c33 cm (2⁰)
=500  \\$aDocket title dated 1764.
=500  \\$aEnacted: Private Acts, 4 Geo.III.c.10.
=500  \\$aCaption title.
=500  \\$aPrinters ornaments; woodcut factotum.
=500  \\$aSignatures: A-B² C²(-C2) D².
=510  4\$aESTC,$cT68387
=530  \\$aAlso available on microfilm and in the U.K. Parliamentary Papers database which can be accessed by on-site users.
=650  \0$aCommons$zEngland$zNorfolk$vEarly works to 1800.
=655  \7$aBills.$2rbgenr
=700  0\$aGeorge$bIII,$cKing of Great Britain,$d1738-1820,$eformer owner.$5Uk
=700  0\$aGeorge$bIV,$cKing of Great Britain,$d1762-1830,$edonor.$5Uk
=752  \\$aGreat Britain$bEngland$dLondon.
=852  41$aBritish Library$bHMNTS$jB.S.Ref.2/25.(7)
=852  41$aBritish Library$bHMNTS$j214.i.3.(59)
=856  41$uhttps://parlipapers.proquest.com/parlipapers/docview/t70.d75.pb-001860?$yProquest U.K. Parliamentary Papers
=CAT  \\$a3251$b40$c20200205$lBLL01$h1536
=FIN  \\$aY$d20200205
=FMT  \\$a  BK
=LAS  \\$a3251$b40$c20200205$lBLL01$h1536
=SRC  \\$aESTC

