=LDR  01668 am a2200373   4500
=001  019705735
=003  Uk
=005  20200205164855.0
=008  791208s1764\\\\enk\\\\\\\\\\o000\0\eng\c
=035  \\$a(Uk-ES)006339459
=040  \\$aUk-ES$cUk-ES$dCStRLIN$dUk-ES$edcrmb
=110  1\$aGreat Britain.$bParliament.
=240  10$aBills. 1764-02-09
=245  12$aA bill for inclosing and dividing so much of the moor or common called Badley Moor, as lies within the manors of North-Tuddenham, alias Saint Cleres, Mattishall, Tuddenham, and Bell-house Hall, and in the parish of North-Tuddenham, in the county of Norfolk, and certain other commons and wastes within the said manors and parish.
=264  \1$a[London] :$b[s.n.],$c[1764]
=300  \\$a13, [1] p. ;$c32 cm (2⁰)
=500  \\$aWith a docket title.
=500  \\$aEnacted: Private Acts, 4 Geo.III.c.10.
=500  \\$aCaption title.
=500  \\$aPrinters's ornaments; woodcut factotum.
=500  \\$aSignatures: A-B² C²(-C2) D².
=510  4\$aESTC,$cT68386
=530  \\$aAlso available on microfilm and in the U.K. Parliamentary Papers database which can be accessed by on-site users.
=650  \0$aCommons$zEngland$zNorfolk$vEarly works to 1800.
=655  \7$aBills.$2rbgenr
=752  \\$aGreat Britain$bEngland$dLondon.
=852  41$aBritish Library$bHMNTS$jB.S.Ref.2/25.(6)
=856  41$uhttps://parlipapers.proquest.com/parlipapers/docview/t70.d75.pb-001859?$yProquest U.K. Parliamentary Papers
=CAT  \\$a3251$b40$c20200205$lBLL01$h1638
=CAT  \\$a13463$b40$c20200205$lBLL01$h1648
=FIN  \\$aY$d20200205
=FMT  \\$a  BK
=LAS  \\$a13463$b40$c20200205$lBLL01$h1648
=SRC  \\$aESTC

